2752 4246
697 959 753 1020 III

291 1119 383 1180 AUD
404 1137 491 1179 secus
511 1120 604 1195 atque
625 1117 738 1194 ingens
758 1117 849 1179 navis
868 1122 978 1180 vexata
997 1121 1141 1197 procellis

292 1237 386 1295 quam
406 1217 494 1277 venti
513 1217 663 1293 praedam
683 1217 820 1294 scopulis
841 1216 961 1278 illidere
982 1221 1113 1293 certant,

225 1319 397 1394 urgentque
418 1315 452 1374 in
473 1314 583 1390 medio,
608 1314 728 1376 diversa
747 1335 766 1375 a
785 1317 872 1391 parte
892 1315 1052 1392 furentes余

225 1416 339 1492 vixque
361 1413 558 1473 resistentem
579 1412 698 1489 gemini
719 1431 888 1491 cursusque
909 1416 1071 1475 tenentem

225 1515 309 1574 mole
329 1532 385 1573 sua
406 1511 530 1573 adversi
549 1512 664 1572 fluctus
685 1511 843 1588 utrimque
864 1512 1039 1574 lacessunt:

225 1629 363 1687 mergere
384 1611 447 1670 iam
468 1613 602 1686 sperant,
625 1609 777 1687 avidoque
797 1629 906 1671 vorare
927 1611 1077 1687 sepulcro.

225 1709 288 1768 Illa
309 1709 396 1768 dolos
416 1707 557 1784 duplices
577 1726 729 1785 spernens
749 1708 909 1769 contendit
930 1709 964 1769 in
984 1729 1106 1787 aequor,

227 1812 318 1885 atque
338 1807 438 1868 undas
459 1807 568 1868 rostris
588 1809 770 1884 spumantes
790 1808 906 1885 frangit
927 1811 958 1868 et
972 1810 1082 1869 ambas

225 1906 386 1967 invehitur
407 1925 535 1982 seseque
555 1904 710 1966 horrenda
730 1909 831 1966 morte
853 1909 996 1982 receptat.

226 2005 278 2066 Sic
298 2005 374 2065 adeo
394 2003 541 2064 incedens
563 2002 669 2063 Guion
688 2022 837 2063 mucrone
857 2023 983 2064 corusco

225 2104 402 2180 pugnantes
422 2101 550 2176 dirimit,
573 2121 638 2162 non
658 2102 786 2162 volnera
806 2103 917 2162 mutua
936 2121 1054 2179 passus

230 2202 341 2263 Dicere
363 2203 434 2279 quis
453 2203 567 2278 poterit
588 2202 740 2262 virtutem
761 2205 792 2261 et
812 2201 905 2262 fortia
925 2202 1007 2263 facta

226 2301 424 2379 egregiasque
443 2299 507 2362 viri
525 2299 633 2360 laudes
653 2300 800 2361 extollere
821 2299 933 2374 verbis,

226 2400 281 2477 qui
301 2399 467 2460 bellatores
489 2400 596 2459 dextra
617 2399 677 2458 duo
699 2398 822 2458 fuderat
842 2399 932 2458 una?

227 2499 426 2575 defenditque
447 2498 543 2558 simul
564 2516 631 2556 sese
652 2495 818 2574 gladioque
839 2496 1001 2569 minatur余

225 2596 353 2657 volnera
373 2597 427 2656 dat
446 2595 625 2673 patiturque
645 2594 760 2667 simul余
787 2594 854 2655 vim
874 2594 995 2654 viribus
1016 2593 1101 2667 exit余

226 2695 365 2755 invitans
385 2694 479 2754 modo
498 2694 655 2753 luctantes
675 2692 769 2751 modo
790 2692 895 2751 cedere
915 2692 1024 2752 visus:

227 2793 403 2853 caeruleum
423 2793 485 2852 huc
504 2791 580 2852 illuc
600 2811 708 2851 ensem
728 2791 906 2867 circumque
927 2792 1094 2867 retorquet.

228 2891 301 2952 Iure
320 2891 389 2953 viro
409 2890 542 2968 duplicis
562 2889 605 2950 sit
624 2888 694 2949 laus
714 2888 870 2967 duplicata
889 2887 1015 2949 laboris
1141 2954 1145 2962 .
