2752 4246
683 984 767 1045 VIII

282 1139 480 1201 ANDITUR
501 1139 619 1201 interea
642 1139 752 1201 domus
772 1143 997 1220 omnipotentis
1018 1145 1145 1224 Olympi

283 1257 377 1315 quam
396 1238 485 1301 fratri
505 1237 689 1315 Ignipotens
709 1238 816 1300 divina
836 1240 947 1302 fecerat
968 1245 1042 1303 arte.

230 1331 373 1412 Namque
393 1335 459 1396 dies
478 1337 654 1414 praedictus
674 1337 947 1419 adestrlsublimia
968 1340 1103 1412 lustrant

228 1433 307 1492 atria
327 1433 486 1494 caelicolas
507 1434 597 1494 densi
616 1437 854 1513 exspectantque
875 1436 989 1498 futuru.

228 1531 367 1592 Vocibus
385 1532 535 1593 incedunt
554 1532 669 1608 pressis
689 1533 837 1611 sedesque
858 1540 1031 1613 capessunt,

227 1628 363 1692 demisso
383 1630 538 1708 (quamvis
558 1629 682 1690 caelesti
700 1631 830 1707 semine)
849 1631 956 1692 voltu:

228 1727 377 1790 immanis
397 1728 472 1788 belli
492 1730 602 1789 tantus
622 1728 717 1789 timor
737 1729 886 1806 opprimit
908 1750 1037 1793 omnes:

228 1827 334 1887 adfore
355 1829 510 1888 certamen
529 1827 672 1902 fratrum,
696 1827 834 1905 caelique
855 1829 1018 1906 marisque,

227 1925 333 1985 omnia
352 1926 526 1986 tracturum
546 1939 652 1985 secum
672 1925 867 2004 miscensque
888 1929 986 1988 ruina.
1069 1920 1072 1924 ‘

227 2023 315 2084 Talia
336 2024 412 2084 dum
431 2026 566 2094 versant,
587 2023 721 2083 considit
744 2023 886 2102 Iuppiter
905 2026 968 2086 ulto

225 2121 291 2198 ipse
311 2121 438 2182 Tonans
456 2121 553 2182 solio:
573 2120 648 2183 hinc
669 2120 775 2183 divom
795 2123 901 2200 regine
921 2123 1046 2185 videtur

225 2218 368 2297 proxima
388 2222 419 2280 et
438 2219 513 2279 hinc
532 2219 649 2297 pariter
668 2219 783 2296 Pallas,
807 2220 965 2281 carissima
985 2224 1087 2299 proles

227 2316 383 2394 (omuibus
402 2318 482 2380 hanc
502 2317 634 2395 praefert
654 2317 777 2395 genitor
798 2338 876 2396 quos
896 2318 963 2397 ipse
984 2323 1119 2398 crearat).

225 2416 308 2477 Tum
327 2416 446 2493 procul,
467 2418 597 2493 augusta
617 2418 725 2476 temen
746 2417 834 2477 aulae
855 2420 943 2494 parte
963 2418 1092 2491 locatus,

225 2533 280 2574 rex
301 2513 467 2592 Neptunus
487 2517 570 2575 erut:
599 2533 692 2591 quem
712 2513 829 2576 circum
850 2515 970 2576 caerula
990 2512 1082 2578 turba

226 2612 366 2674 Oceanus
385 2611 546 2690 pelagique
567 2613 617 2672 dei
636 2611 786 2691 fluviique
806 2615 949 2690 potentes

225 2710 280 2789 qui
299 2710 455 2772 mundum
475 2713 635 2772 umectant
654 2710 756 2785 undis,
778 2715 810 2772 et
831 2711 968 2773 crinibus
988 2713 1068 2774 albis

226 2809 343 2870 Nereus
363 2810 425 2870 stat
445 2808 587 2869 Thetidis
606 2809 730 2887 genitor
749 2812 898 2886 vatesque
918 2810 1023 2870 futuri.
