2752 4246
668 993 767 1056 XVII

276 1147 405 1222 ΒΡΙΟΕΙ
419 1151 455 1209 ut
476 1148 511 1209 in
531 1147 621 1211 silvis
641 1150 842 1212 iucundumst
863 1150 971 1227 degere
992 1149 1102 1211 vitam.

286 1245 383 1307 Silvis
405 1247 564 1308 caelicolae
585 1267 697 1310 nemus
718 1248 865 1309 invenere
885 1248 1064 1326 frequentes

227 1343 390 1421 Elysium:
419 1345 508 1406 silvis
529 1347 585 1406 dea
606 1345 739 1407 eandida
760 1347 882 1424 quaerit
901 1345 1043 1422 Adonin,

226 1443 260 1503 in
280 1444 369 1505 silvis
389 1465 473 1506 erres
493 1448 529 1505 tu
550 1447 632 1506 cesta
653 1445 753 1505 Diana
763 1465 828 1522 ·per
848 1444 983 1505 umbras.

226 1540 299 1602 Huc
319 1543 426 1604 venies
446 1543 599 1605 formose:
626 1543 756 1622 faveque
776 1542 940 1604 silentibus
960 1542 1047 1604 horis

225 1659 298 1699 eum
318 1641 417 1701 tonsis
438 1641 548 1703 ovibus
566 1643 705 1719 pastores
726 1640 789 1702 etia
810 1643 980 1719 quaerunt:

225 1738 396 1816 defessique
416 1739 466 1799 die
485 1758 636 1800 messores
656 1759 730 1801 arva
749 1739 932 1818 relinquunt

226 1856 279 1896 ora
299 1838 438 1897 coronati
459 1837 553 1912 spiris
573 1838 777 1916 Cereremque
798 1837 943 1898 salutent.

227 1934 298 1994 Non
318 1937 366 1994 est
387 1936 468 2013 quod
489 1936 617 1996 timeas:
639 1956 704 1996 nen
724 1934 783 1996 hac
804 1935 881 1996 latet
901 1935 984 2012 aspis
1005 1935 1040 1997 in
1061 1934 1174 1996 herba:

225 2035 348 2108 pertore
368 2034 422 2093 sed
443 2037 548 2094 nostro
568 2054 696 2111 serpens
714 2054 802 2094 amor
822 2032 937 2093 insidet
956 2052 1034 2094 aeer.

226 2129 290 2191 Hie
309 2131 419 2208 apibus
440 2132 532 2193 flores
552 2132 689 2193 rorantia
710 2133 852 2211 germina
871 2132 1028 2209 praebent,

225 2226 279 2285 sed
300 2224 348 2284 nil
368 2226 458 2287 dulee
477 2229 553 2287 tuus
571 2229 693 2304 praeter
713 2230 745 2287 te
765 2226 855 2287 novit
874 2225 992 2287 Alexis

225 2324 333 2384 Visere
352 2327 515 2402 pastorum
536 2325 661 2403 dignere
681 2326 791 2386 sedilia
811 2328 929 2386 maesta

224 2441 444 2500 muscososque
463 2424 559 2485 herba
578 2424 681 2484 fontes
701 2423 877 2501 viridesque
898 2442 1044 2484 recessus.

226 2519 426 2596 Queeumque
446 2520 563 2582 incedis
584 2520 725 2598 Zephyro
746 2524 902 2582 recreante
923 2520 1041 2598 tepebit

226 2616 327 2677 silva:
354 2617 414 2677 tibi
434 2619 572 2695 pandent
593 2619 721 2679 umbras
742 2619 869 2681 arbusta
890 2619 1032 2693 sedenti;

227 2734 422 2793 quocumque
446 2716 617 2794 ingrederis
639 2737 695 2794 per
714 2719 849 2779 humum
870 2737 940 2779 rosa
960 2717 1067 2778 vivida
1087 2721 1217 2779 erescet:

228 2812 333 2875 omnia
352 2814 517 2891 florebunt,
539 2834 732 2896 quorumque
752 2816 890 2877 advertis
912 2814 1034 2878 ocellos.
