2752 4246
605 1085 642 1147 Il

122 1242 281 1376 HAUD
301 1242 409 1321 procul
431 1241 504 1302 inde
524 1241 584 1304 viri
606 1241 726 1320 polluta
745 1263 857 1320 eorpus
876 1242 911 1302 in
932 1241 1028 1303 herba

188 1344 290 1402 morte
309 1341 407 1401 iaoett
435 1339 537 1401 multo
559 1339 720 1401 destillant
741 1359 828 1401 arma
848 1360 964 1400 cruore.

121 1441 216 1501 Risus
237 1440 271 1499 in
293 1459 344 1499 ore
365 1438 435 1513 fuit,
459 1457 588 1516 superas
605 1458 664 1498 ceu
685 1441 822 1515 carperet
842 1458 941 1514 auras,

75 1573 81 1591 ι
120 1557 348 1616 purpureasque
369 1556 464 1614 genas
484 1535 548 1597 leto
570 1535 665 1596 rubor
684 1535 784 1596 inficit
804 1535 881 1613 ipso.

121 1636 254 1714 Corpore
274 1634 446 1712 praestanti
465 1634 574 1709 fuerat,
597 1634 758 1711 primaque
779 1634 906 1696 iuventa

120 1735 174 1813 qui
194 1734 338 1811 pulchras
359 1732 423 1793 aori
444 1732 620 1794 stimularet
639 1752 744 1793 amore
764 1733 892 1809 puellas.

120 1832 264 1894 Abstulit
285 1834 353 1891 atra
373 1830 440 1891 dies
460 1833 493 1891 et
513 1831 624 1890 funere
645 1829 754 1891 mersit
775 1831 894 1891 acerbo.

121 1931 219 2005 Quem
240 1928 337 1990 simul
357 1948 392 1989 ao
413 1928 519 1988 Goion
541 1928 692 2004 spectavit
712 1931 813 1989 morte
833 1928 994 2004 iacentem,

120 2029 211 2089 eorda
232 2028 333 2106 rigent
354 2026 454 2087 voluti
477 2029 592 2100 cautes,
613 2025 764 2103 venisque
784 2046 841 2103 per
860 2030 946 2087 artus

120 2126 247 2203 sanguis
268 2125 368 2200 hebet,
392 2142 563 2202 sensusque
582 2124 679 2186 timor
699 2144 796 2201 paene
817 2123 948 2186 abstulit
969 2144 1087 2185 omnes.

120 2224 250 2284 Pectore
270 2223 324 2284 vix
345 2222 476 2283 tandem
496 2222 632 2299 suspiria
652 2222 738 2283 duoit
759 2222 798 2283 ab
819 2222 892 2298 imo,

49 2328 52 2332 '
120 2326 243 2398 aspectu
265 2322 375 2396 viatus,
400 2320 527 2387 Gaetuli
547 2340 633 2380 more
654 2319 761 2395 leonis,

121 2421 174 2497 qui
195 2419 280 2480 dolet
299 2423 331 2479 et
353 2418 488 2479 doluisse
509 2419 616 2496 gemit,
641 2417 783 2478 cohibere
804 2419 857 2478 sed
878 2419 941 2478 iras

98 2538 185 2589 ‚non
206 2517 289 2593 potis
310 2519 378 2577 est:
409 2517 536 2594 penitus
558 2516 645 2593 luget
664 2515 871 2593 fremitusque
891 2517 1018 2576 ooeroet.

121 2615 171 2676 Sia
192 2616 342 2690 puderet
361 2615 461 2691 pietas
483 2613 614 2674 Guionis
634 2616 758 2690 pectora
777 2614 905 2675 tandem

121 2711 268 2781 edomuit.
290 2710 395 2773 luctus
416 2713 451 2771 ut
471 2710 662 2789 significaret
682 2709 816 2788 utrique.
