2752 4246
594 1019 661 1080 VII

135 1171 375 1306 LUBRIOUS
394 1177 443 1236 est
462 1175 560 1236 fateor
579 1175 685 1236 voltus
705 1174 765 1236 tibi
784 1175 975 1255 pulchraque
996 1175 1115 1236 forma:

225 1275 257 1332 te
276 1276 416 1350 poteram
436 1272 535 1334 nimia
554 1277 662 1351 captus
682 1292 786 1335 amare
807 1272 876 1334 fide.

134 1369 226 1438 Nunc
246 1371 310 1431 scio
330 1390 407 1449 quae
427 1371 508 1432 mihi
529 1372 584 1432 das
604 1370 674 1431 aliis
694 1391 814 1451 quoque
834 1373 907 1433 vcta
928 1370 1065 1432 dedisse:

174 1467 298 1529 flectere
317 1469 370 1529 vel
389 1469 538 1530 minimas
559 1471 591 1529 te
610 1469 745 1530 valuisse
765 1489 882 1547 preces.

134 1564 225 1626 Nunc
246 1568 286 1642 te,
311 1565 511 1642 notanimis,
535 1585 662 1627 securus
682 1567 823 1644 linquere
843 1585 980 1644 possum,

173 1662 292 1724 nullius
311 1662 455 1724 stabilem
476 1683 555 1741 quae
575 1682 709 1724 mereare
729 1663 835 1724 fidem.

132 1759 260 1838 Integra
280 1780 373 1821 mane
393 1781 474 1822 novo
494 1781 565 1822 rosa
585 1781 679 1838 quam
699 1759 877 1837 resplendet
896 1760 932 1820 in
952 1760 1053 1839 hortis

173 1858 272 1935 spinis
292 1858 393 1920 cincta
413 1860 497 1920 suis!
525 1878 619 1936 quam
640 1859 717 1919 bene
736 1859 853 1935 fragrat
873 1859 961 1919 odor!

131 1955 293 2035 decerptae
312 1956 448 2018 nimium
467 1957 585 2018 crudeli
604 1957 718 2034 pollice
739 1975 879 2034 gemmae

172 2055 313 2133 egregius
331 2055 424 2134 periit
445 2054 499 2134 qui
519 2054 581 2115 fuit
600 2057 673 2116 ante
693 2055 793 2116 decor.

131 2151 232 2214 Cessit
252 2152 328 2213 odor
348 2151 501 2230 cessitque
522 2151 620 2213 simul
639 2152 775 2213 iucunda
794 2153 950 2224 venustas,

171 2252 203 2310 et
222 2249 305 2325 folia,
328 2253 364 2310 ut
384 2250 488 2311 virtus
508 2248 630 2325 diffluit,
652 2249 726 2309 inde
747 2248 871 2310 cadunt.

131 2345 205 2408 Mox
224 2346 284 2407 tibi
304 2366 373 2408 sors
393 2346 502 2408 eadem
522 2346 691 2424 continget,
713 2346 830 2424 perfida
850 2344 955 2423 virgo:

171 2444 314 2521 improba
333 2444 490 2505 sordesces
509 2443 707 2521 improbitate
726 2443 839 2503 virum.

131 2541 251 2603 Eiciere
271 2543 364 2615 foras,
383 2561 439 2602 ceu
459 2541 679 2602 marcescentia
699 2544 804 2616 serta3

170 2638 318 2700 ridebunt
337 2640 407 2701 alii:
433 2659 492 2700 nos
511 2637 674 2700 lacrimare
695 2639 791 2700 decet.

130 2735 174 2797 Te
195 2737 376 2798 miserumet
396 2756 518 2814 semper
538 2737 660 2798 cunctis
680 2737 812 2815 cupiisse
833 2736 962 2813 placere,

135 2863 139 2871 ยน
169 2833 286 2896 teiam
306 2856 400 2897 nemo
421 2835 506 2897 volet
526 2854 621 2896 sanus
640 2833 754 2896 habere
773 2854 871 2896 suam.
