2752 4246
655 1059 738 1119 XXI

280 1215 450 1350 'CARPE
471 1235 548 1295 puer
567 1216 684 1276 iustum
704 1217 770 1278 viia
791 1215 936 1278 defuncte
956 1235 1117 1294 soporem:

334 1334 399 1376 non
419 1335 502 1375 nune
524 1313 671 1375 sollieitai
692 1334 763 1374 eura
783 1334 883 1391 neque
903 1314 991 1392 angit
1010 1333 1106 1376 amor.

283 1414 347 1475 Nos
368 1414 484 1492 premii
504 1415 641 1490 asperior
662 1413 755 1473 sortis
776 1413 844 1473 lex:
872 1413 1014 1476 vivitur?
1041 1417 1126 1474 esto:

324 1512 459 1574 crastina
478 1511 513 1571 in
533 1511 712 1588 ambiguosi
732 1512 808 1588 quid
827 1511 922 1572 vehat
941 1512 1018 1571 hera
1037 1511 1124 1572 mali.

282 1610 433 1672 Conditus
453 1610 581 1670 obscuro
601 1610 730 1670 tandem
750 1609 904 1687 taeitoque
925 1610 1065 1687 sepulcro

274 1785 275 1788 Ἴ
322 1728 386 1769 non
406 1709 473 1769 viee
495 1727 568 1767 eum
588 1707 691 1768 subita
710 1707 774 1769 fata
793 1707 899 1767 futura
919 1708 1036 1768 tremis¹

283 1806 374 1867 Nune
394 1809 466 1866 avet
486 1806 642 1866 ineassum
663 1806 695 1864 te
714 1805 889 1883 proculcare
909 1808 1071 1883 tyrannus,

322 1924 387 1965 non
408 1922 493 1964 nunc
514 1923 567 1964 ora
587 1906 659 1964 tuae
679 1906 767 1963 torva
787 1903 913 1964 timebis
932 1923 1051 1964 amans.

282 2002 371 2065 Bella
391 2001 499 2079 procul
519 2004 628 2078 gentes
648 2001 787 2061 eruciari
808 2001 976 2062 certamine
997 2001 1076 2078 diro,

322 2122 340 2162 ο
361 2101 497 2162 nimium
518 2099 600 2176 felix,
623 2120 641 2160 a
662 2099 796 2160 statione
816 2101 878 2162 tua.

282 2198 352 2259 Non
373 2218 451 2276 opus
471 2200 517 2258 eet
537 2200 625 2258 metu
646 2198 706 2258 tibi
726 2218 788 2275 quo
808 2216 900 2274 sopor
919 2197 1011 2258 altior
1030 2197 1145 2260 instet:

321 2317 375 2374 per
395 2299 427 2356 te
447 2300 530 2358 terra
552 2297 608 2358 deo
628 2316 744 2373 magna
763 2300 908 2358 movente
928 2298 1049 2357 tremat.

282 2395 396 2455 Omnia
416 2398 505 2456 iuius
525 2395 621 2455 habes
641 2414 730 2455 verae
751 2395 863 2455 solacia
882 2395 965 2473 pacis

322 2495 557 2571 communisque
577 2493 665 2553 dolor
686 2512 749 2552 non
769 2495 824 2552 tua
845 2493 985 2553 membra
1004 2493 1128 2570 premii

282 2591 380 2668 Carpe
399 2611 475 2667 puer
494 2591 618 2652 tumulo
638 2591 698 2650 tibi
718 2591 822 2651 debita
841 2610 971 2652 munera
990 2591 1102 2667 somni,
