2752 4246
671 1037 790 1099 XXIII
848 1056 852 1062 ·

231 1191 342 1325 NOS
362 1212 432 1255 oasa
450 1213 545 1272 parva
564 1192 670 1255 iuvat:
698 1213 812 1272 magna
832 1213 1033 1272 properemus
1053 1194 1093 1256 ab
1113 1194 1204 1258 aula:

291 1311 365 1353 nam
384 1311 443 1353 nos
461 1291 569 1354 festivi
588 1292 807 1371 magnificique
827 1291 921 1371 piget.

230 1389 343 1452 Fastus
363 1389 408 1450 ibi
428 1389 524 1451 miser
544 1393 576 1452 et
596 1390 665 1451 sine
686 1410 772 1451 more
793 1390 936 1468 superbia
956 1393 1083 1469 regnat:

269 1509 343 1567 pace
363 1489 427 1548 frui
446 1508 610 1566 procerum
629 1491 696 1549 vita
715 1489 847 1549 molesta
864 1490 983 1565 nequit.

229 1586 337 1649 Vitato
356 1587 489 1664 strepitu
509 1586 616 1648 vivam
636 1587 745 1664 procul
766 1587 843 1648 urbe
863 1589 1000 1648 remota:

269 1703 326 1762 pro
345 1683 438 1760 pictis
458 1683 531 1745 Cois
550 1684 594 1745 sit
614 1684 696 1745 stola
715 1684 787 1744 rufa
807 1684 896 1744 mihi.

229 1781 350 1843 Paucos
370 1781 424 1842 sed
445 1782 535 1843 nobis
554 1781 635 1843 fidos
655 1782 812 1859 capiemus
832 1781 967 1842 amieos:

269 1883 402 1959 postque
423 1879 507 1942 diem
528 1883 635 1958 gratus
655 1899 780 1957 vespere
800 1881 889 1941 lusus
909 1881 978 1942 erit.

228 1977 295 2041 Sub
317 1977 393 2039 Iove
413 1998 471 2055 pro
492 1979 588 2040 lautis
609 1979 710 2056 epulis
731 1979 774 2040 sit
794 1977 926 2057 parvula
948 1997 1041 2039 oona:

268 2076 311 2139 sit
331 2076 443 2138 viridis
463 2096 592 2155 caespes,
617 2096 748 2155 quercus
769 2076 935 2137 obumbret
955 2075 1099 2137 humum.

227 2174 299 2238 Sint
320 2173 428 2235 latices
448 2178 542 2253 potus
562 2175 623 2237 rivi
643 2175 725 2235 mihi
745 2173 816 2235 lene
837 2174 984 2236 fluentIs:

267 2273 424 2335 Sobrietas
445 2273 559 2334 medici
579 2276 663 2335 certa
683 2272 843 2333 ministret
863 2292 963 2350 opem.

228 2370 340 2432 Libera
361 2391 513 2446 curarum,
535 2371 603 2434 vita
623 2373 771 2431 contenta
791 2371 888 2445 beata,

268 2488 332 2528 non
354 2468 434 2529 elata
454 2469 558 2544 nimis,
581 2488 647 2529 non
666 2470 783 2546 agitata
802 2467 903 2543 malis,

227 2585 293 2627 non
313 2568 448 2627 mortem
468 2586 630 2642 arcessam,
652 2585 719 2627 non
739 2565 924 2627 adveniente
944 2563 1073 2639 dolebo;

267 2663 436 2726 excedam:
464 2684 529 2725 non
549 2682 635 2724 mors
654 2663 710 2725 sed
730 2681 821 2740 sopor
840 2662 921 2723 illud
942 2661 1009 2724 erit.
