2752 4246
590 965 708 1028 XVIII

272 1127 301 1186 N
321 1124 423 1186 media
442 1125 525 1185 terra
544 1124 625 1184 mihi
645 1125 747 1186 sicubi
765 1127 871 1187 vivere
893 1125 983 1188 detur

270 1225 352 1286 caelo
372 1223 473 1285 tristis
492 1223 594 1284 hiems
615 1226 662 1284 esi
682 1225 887 1303 madidusque
908 1225 1022 1287 neusa

233 1322 386 1399 lampadis
405 1341 548 1383 accensae
567 1322 642 1382 libri
662 1325 737 1383 sunt
757 1322 825 1382 luce
845 1322 987 1400 legendi:

273 1420 388 1482 excidii
407 1439 446 1479 ex
466 1419 572 1480 animo
592 1420 675 1497 quod
695 1419 849 1481 studuisse
870 1421 979 1498 placet.

232 1518 283 1577 Ad
304 1517 445 1578 medium
465 1536 612 1578 conversa
632 1516 716 1578 diem
735 1517 828 1597 plaga
847 1519 948 1597 surgit
967 1520 1002 1580 in
1023 1539 1130 1583 auras:

271 1616 438 1676 immemor
457 1616 538 1676 hanc
558 1615 660 1693 operis
679 1635 769 1677 mens
788 1636 932 1678 revocare
952 1617 999 1678 sol
1016 1621 1038 1679 t.

231 1715 314 1789 Quos
334 1734 391 1791 ege
412 1714 507 1775 dilexi
528 1714 622 1775 eolles
642 1717 727 1776 stand
748 1714 857 1776 ordine
877 1715 970 1794 longo

270 1813 337 1873 illic
357 1813 506 1890 perpetui,
530 1812 766 1891 despiciuntque
787 1834 883 1875 mare.

232 1911 258 1972 Ο
278 1911 401 1972 utinam
421 1911 516 1973 silvas
537 1911 604 1972 illic
622 1932 718 1990 vager
738 1912 822 1973 inter
842 1931 997 1987 amoenas,

271 2008 298 2069 O
318 2009 400 2070 mihi
419 2030 474 2089 per
494 2012 588 2088 pinus
608 1989 651 2070 sit¹
670 2010 803 2071 secuisse
824 2010 917 2071 viam.

230 2105 256 2163 0
277 2102 306 2164 si
326 2121 403 2181 quos
422 2121 535 2180 pueros
554 2104 644 2182 pueri
664 2103 838 2179 dileximus,
861 2125 926 2166 una

267 2201 313 2260 ire
335 2201 413 2262 viris
432 2200 523 2261 liceat
542 2221 654 2279 meque
673 2202 780 2263 videre
800 2202 915 2263 virum.

229 2298 310 2358 Nota
329 2298 411 2359 mihi
432 2297 526 2359 tellus
545 2301 664 2376 septem
685 2299 823 2360 subiecta
842 2300 940 2360 trioni

268 2395 401 2472 Anglica
420 2395 582 2458 lustranii:
610 2397 664 2457 sed
684 2397 777 2457 breve
797 2400 923 2474 tempus
943 2401 1026 2458 erat:

227 2492 372 2569 planities
392 2494 512 2555 inculta
531 2493 633 2570 placet
652 2494 720 2556 sine
739 2494 893 2556 messibus
913 2495 986 2571 illis,

268 2591 415 2652 Phoebus
435 2595 467 2652 et
486 2591 618 2668 exiguus
638 2591 859 2670 caeruleusque
878 2593 977 2670 polus

226 2689 286 2750 Sed
307 2691 384 2750 suni
404 2709 483 2768 quae
503 2691 661 2766 placeam:
685 2694 808 2752 montes
829 2711 847 2751 a
867 2690 1032 2752 moenibus
1051 2692 1128 2769 ipsis

266 2786 480 2866 divorumque
501 2786 608 2866 procul
628 2806 750 2848 cernere
771 2807 894 2850 summa
914 2808 1015 2866 queas
