2752 4246
702 837 752 897 XI

290 992 473 1054 IXERAT:
500 1012 628 1054 assensu
649 993 755 1055 divom
775 1013 913 1054 mussare
934 997 1060 1055 senatus

290 1092 400 1171 incipit
419 1094 576 1167 unanimo,
601 1095 633 1152 et
652 1091 769 1170 placuit
789 1092 945 1153 sententia
964 1094 1071 1170 patris.

230 1191 313 1254 Illuc
333 1193 520 1252 convertunt
539 1189 643 1252 voltus
662 1191 717 1251 ubi
737 1190 874 1268 plurima
894 1191 987 1251 Titan

229 1291 334 1350 mente
354 1287 440 1349 sedet
458 1306 595 1362 versans,
616 1308 672 1348 nec
691 1288 822 1366 longum
843 1290 969 1364 tempus
990 1290 1021 1348 et
1042 1306 1141 1363 orsus,

228 1406 371 1465 excepere
392 1387 500 1446 breves
521 1389 685 1463 postquam
705 1387 770 1447 alta
793 1386 918 1446 silentia
938 1405 1049 1447 voces:
1085 1383 1087 1388 ⁴

230 1484 420 1548 ‘Caelicolae
440 1475 588 1561 regesque
608 1484 703 1545 maris
725 1485 861 1562 caelique
880 1487 1026 1560 potentes

229 1584 284 1662 qui
304 1583 412 1661 petitis
432 1585 532 1643 sortes
552 1601 570 1641 a
591 1601 643 1641 me
663 1585 695 1642 et
714 1581 821 1643 fatalia
840 1581 941 1656 verba,

229 1682 312 1759 quod
332 1680 448 1759 petitia,
469 1680 574 1741 verbis
593 1681 717 1741 animos
738 1679 891 1753 adhibete,
916 1679 1039 1740 docebo.

228 1779 300 1840 Non
320 1779 409 1841 vobis
429 1778 584 1838 mundum
605 1778 712 1855 regitis
733 1778 787 1856 qui
807 1778 938 1838 numine
958 1797 1073 1856 magno

228 1880 366 1954 optatam
386 1877 468 1936 hanc
488 1895 634 1953 sponsam
654 1876 805 1954 pollentia
825 1877 888 1936 fata
908 1875 1029 1937 dedere.

228 1975 382 2036 Deorsum
404 1974 564 2035 caelicolae
585 1974 756 2036 convertite
777 1973 911 2047 lumina,
931 1977 1049 2034 terram

208 2101 210 2104 ⁴
227 2073 372 2152 respicite
391 2072 475 2133 haud
495 2072 616 2149 pridem
637 2072 768 2133 miserae
789 2071 978 2133 incunabula
998 2073 1106 2149 prolis.

228 2169 377 2232 Thessala
397 2170 506 2231 Iolcon
526 2170 620 2230 habet
640 2169 734 2230 tellus
755 2169 867 2229 adfinis
889 2168 1039 2247 Olympoz

227 2269 358 2346 virginis
378 2286 545 2346 aequoreae
565 2267 617 2328 hic
637 2267 764 2328 fatalem
787 2267 884 2328 Parca
903 2266 1054 2329 maritum

227 2367 288 2442 dat,
311 2367 443 2427 mortale
463 2385 581 2443 genua;
612 2369 713 2442 prima
733 2365 786 2425 sed
808 2364 927 2441 origine
946 2366 1041 2426 iactat

226 2465 293 2525 iure
313 2464 424 2525 Iovem
444 2484 607 2542 proavum,
628 2463 754 2524 caelesti
775 2464 896 2524 semine
917 2465 1043 2524 cretus:

226 2563 337 2624 fortior
356 2563 415 2624 hoc
436 2562 562 2622 animus
582 2562 720 2640 vitioque
741 2561 889 2622 intactior
910 2562 996 2622 omni
1124 2550 1125 2553 ¹

226 2681 292 2723 non
313 2661 416 2723 estin
437 2661 538 2721 caelo:
559 2659 699 2721 similem
721 2679 785 2720 non
805 2661 889 2720 terra
909 2659 1033 2720 creavit.

226 2759 369 2821 Plurima
389 2760 552 2837 perpessus
572 2758 664 2819 fortis
685 2757 871 2835 validusque
893 2759 1052 2835 probatur,

227 2862 264 2919 ut
282 2879 390 2920 mucro
410 2877 534 2936 pugnae
554 2857 658 2917 medio
679 2857 714 2916 in
735 2857 915 2918 discrimine
936 2858 1029 2931 fiduS,

226 2958 281 3017 aut
300 2959 336 3017 ut
358 2955 490 3016 Peliacis
511 2955 550 3015 de
570 2953 660 3016 silvis
680 2955 829 3030 fraxinus
851 2955 963 3033 ingens

225 3054 344 3116 missile
364 3055 446 3133 quod
466 3054 579 3115 Peleus
599 3053 685 3115 solus
704 3056 905 3133 contorqueat
924 3052 1028 3114 hosti:

226 3154 300 3214 huic
319 3156 460 3231 pateres
480 3151 587 3231 patris,
610 3172 704 3229 quem
724 3151 825 3213 fertur
845 3151 911 3212 filia
932 3150 1090 3230 quondam

226 3251 326 3329 Asopi
346 3270 507 3328 generasse
528 3249 597 3325 tibi,
617 3253 672 3310 tua
692 3249 826 3327 pristina
845 3270 928 3324 cura,

226 3351 405 3410 terrestrem
425 3349 586 3409 subolem:
608 3347 702 3408 Peleo
722 3367 789 3409 sors
810 3348 943 3424 contigit
962 3346 1029 3420 illa,

226 3447 321 3509 Peleo
341 3451 440 3524 nupta
460 3448 559 3522 datur,
582 3448 698 3508 frustra
718 3465 812 3523 quam
833 3445 983 3524 quaeritis
1005 3463 1122 3505 omnes.

226 3544 287 3607 Illa
307 3549 414 3607 tamen
435 3548 538 3624 portat
557 3565 663 3606 secum
683 3545 883 3606 irrevocabile
903 3543 1041 3622 signum,

712 3663 732 3702 n
