2752 4246
593 585 706 648 XXVI

280 745 346 809 ΠΜ
365 744 410 806 sio
429 743 625 810 Altitonans:
656 743 783 807 ‘Proles
801 745 934 824 Titania,
956 746 1040 812 iussa

279 843 428 924 explesti:
455 844 509 906 sed
530 863 571 904 ne
591 844 715 906 dubites
735 844 848 905 exinde
868 846 990 911 morari

233 942 378 1022 aequales
396 940 487 1015 inter,
509 939 653 1002 eaelestia
672 941 804 1003 numina
823 940 937 1004 divom.

228 1039 291 1104 Hie
311 1041 425 1101 domus
444 1039 497 1099 hie
517 1038 624 1100 sedes:
650 1058 779 1101 maneas
799 1043 966 1103 contentus
986 1041 1128 1123 Olympo,

228 1139 264 1199 in
284 1137 391 1200 dubiis
410 1139 525 1211 auctor,
547 1137 641 1197 modo
660 1137 843 1198 conciliatus
863 1139 990 1201 amieus.

229 1236 301 1297 Otia
320 1235 484 1296 nobiseum
503 1234 563 1295 tibi
582 1237 696 1295 erunt:
723 1238 755 1296 et
775 1255 832 1312 ego
851 1236 919 1314 ipse
939 1238 1068 1298 merent'

226 1333 390 1412 expediam
408 1331 527 1394 fuerint
548 1352 624 1411 quae
645 1352 701 1410 per
721 1337 770 1395 tot
790 1335 911 1394 saecula
931 1336 1023 1412 eaelo,

228 1452 308 1510 quae
328 1434 412 1492 terra
432 1431 585 1508 perfeeto:
613 1450 714 1508 genus
733 1431 886 1492 mutabile
907 1436 1060 1510 quantum

228 1530 362 1592 mortale
382 1528 507 1590 enisum
528 1529 632 1605 fuerit,
654 1531 710 1590 tua
730 1530 871 1591 maxima
890 1550 985 1606 oura3

227 1647 341 1706 nempe
357 1626 431 1688 deos
451 1627 534 1687 inter
554 1627 712 1704 quondam
731 1628 769 1688 tu
788 1628 873 1689 solus
892 1628 1026 1690 amabas.

227 1724 319 1787 Nune
339 1727 446 1786 tamen
466 1724 524 1784 hoe
541 1725 635 1787 seito:
656 1724 782 1786 nullum
799 1745 863 1786 non
879 1726 1007 1786 nomina
1023 1745 1141 1788 numen

227 1826 321 1902 atque
340 1822 425 1900 ipsos
444 1823 575 1883 fortasse
595 1842 652 1883 sua
672 1823 711 1884 de
731 1822 827 1900 stirpe
847 1827 966 1885 creatos

226 1921 375 1982 humanis
395 1919 509 1982 studiis
529 1923 561 1981 et
581 1920 748 1982 subiecisse
767 1922 885 1982 timori.

230 2019 314 2096 Ergo
335 2019 411 2080 siste
431 2019 583 2095 gradum:
611 2019 728 2095 pariter
748 2021 909 2081 mutemur
929 2023 961 2080 et
981 2020 1060 2098 ipsi:

226 2136 307 2196 quae
320 2135 401 2178 nova
413 2118 489 2177 sunt
502 2118 643 2194 pereunt,
659 2120 691 2178 et
705 2117 824 2178 habent
841 2118 971 2196 antiqua
984 2119 1141 2197 vigorem?

577 2677 709 2741 XXVII

278 2835 409 2898 EDITE
429 2835 581 2896 formosae
601 2835 801 2897 celeberrima
820 2834 913 2897 turba
932 2835 1070 2913 puellae:

277 2955 343 2996 non
363 2954 420 2995 vos
439 2934 507 2994 iure
526 2935 613 3012 prior
632 2935 797 3012 postmodo
817 2934 918 2995 fastus
937 2934 1040 2995 habet.

225 3031 350 3094 Incedit
369 3031 484 3092 mulier
503 3052 563 3110 qua
583 3032 650 3093 visa
670 3035 769 3092 cetera
788 3030 947 3110 quondam

266 3131 436 3192 sordebunt
456 3129 577 3207 cupidis
597 3148 650 3190 ora
669 3129 799 3207 probata
818 3129 903 3191 viris

227 3227 363 3289 Vividus
384 3231 526 3307 aspectus
546 3228 714 3305 pretiosam
734 3228 858 3288 vincere
878 3245 1044 3306 gemmam,

266 3345 361 3405 quam
381 3327 480 3387 maris
499 3326 559 3387 Eoi
578 3327 692 3387 suffieit
711 3327 803 3402 unda,
825 3329 937 3403 potest.

228 3423 300 3485 Non
320 3424 399 3485 alios
419 3443 492 3485 euro
512 3424 614 3502 legere
636 3425 691 3485 aut
709 3424 881 3501 perdiscere
901 3424 1017 3484 libros:

270 3520 367 3584 huius
386 3524 474 3583 enim
493 3523 600 3586 voltus
620 3523 684 3583 iam
704 3521 862 3585 studiosus
882 3542 943 3584 ero.

122 3756 296 4006 ἢ
