2738 4230
566 245 606 306 61

169 405 344 468 Immodioo
364 408 468 470 studio
489 410 516 471 si
537 410 608 488 quis
628 411 791 488 langueret
809 411 948 474 habendi

208 508 245 566 ut
265 505 368 584 longis
387 506 492 570 titulis
511 509 717 571 accumularet
738 529 818 588 epse,

166 601 221 664 ille
241 605 349 681 procul
369 625 487 683 pauper
508 605 689 668 discrimina
708 627 789 670 vana
809 612 975 688 potentum

207 701 324 768 irrisit:
351 722 442 766 curae
462 724 528 765 non
548 707 620 782 toga
640 708 727 768 curta
746 707 816 777 fuit.

524 1276 639 1338 XXIX

170 1429 425 1563 LABENTEM
445 1433 535 1495 video
554 1434 691 1495 iucundo
710 1454 872 1496 murmure
892 1435 1011 1498 rivum:

220 1552 277 1592 axe
297 1551 390 1609 super
410 1531 492 1592 claro
512 1533 588 1593 luna
607 1552 718 1594 serena
738 1533 842 1595 micat.

170 1631 241 1691 Eut
269 1630 357 1691 velut
377 1632 499 1707 argenti
518 1631 642 1692 radians
662 1631 748 1692 nitor
768 1632 1004 1712 aurarefulget,

210 1731 242 1789 et
263 1749 338 1789 cano
359 1728 483 1805 rapidas
502 1729 603 1790 limite
624 1729 728 1807 signat
748 1750 850 1807 aquas.

136 1874 140 1879 .
171 1826 233 1887 His
253 1826 373 1902 similis,
396 1827 469 1901 dixi,
493 1827 636 1888 mortalis
656 1828 721 1888 vita
741 1828 876 1903 fluentis

210 1945 288 2002 quae
309 1944 435 1985 cursum
455 1929 620 2002 properant
639 1945 739 2004 prona
757 1928 929 2005 petuntque
950 1944 1043 1990 mare.

168 2022 325 2096 Argenteo
346 2022 461 2082 similis
482 2022 568 2083 radio
590 2043 652 2101 quo
672 2022 748 2082 luna
766 2023 885 2085 fluenta

208 2115 354 2188 illustrat,
375 2116 474 2176 vitam
493 2116 614 2176 lumine
634 2117 728 2177 vestit
747 2136 843 2177 amor.

169 2214 238 2275 Lux
259 2213 337 2274 abiit
357 2214 469 2274 lunaez
497 2215 551 2275 sed
572 2215 639 2291 lege
660 2216 784 2275 coactus
802 2215 909 2275 eadem

209 2314 385 2372 murmurat
406 2312 509 2373 amnis
529 2313 631 2372 adhuc
651 2331 862 2391 oceanumque
883 2314 970 2391 petit.
1042 2394 1045 2405 k

169 2408 219 2470 Sic
239 2429 327 2470 amor
346 2408 458 2486 exigua
478 2409 560 2469 ridet
579 2410 764 2470 mortalibus
784 2410 868 2486 hora,

206 2527 280 2568 mox
299 2507 386 2567 velut
407 2507 518 2568 umbra
538 2507 654 2584 premit
675 2507 797 2568 conscia
818 2509 910 2569 corda
931 2508 1026 2571 dolor.
1066 2553 1067 2556 ,
1164 2563 1168 2570 .

168 2603 313 2666 Nubibus
334 2605 474 2665 obscuris
494 2605 683 2665 circumdata
703 2605 779 2665 luna
798 2605 946 2682 recessit;

208 2703 362 2763 occulitur
380 2703 482 2763 clarus
502 2702 558 2780 qui
576 2703 638 2763 fuit
658 2706 729 2763 ante
749 2703 843 2764 nitor.

167 2800 218 2862 Sic
237 2800 337 2862 vitam
357 2819 412 2862 ceu
434 2800 518 2860 nube
538 2802 650 2878 tegunt
669 2801 794 2860 velante
816 2799 943 2876 dolores,

207 2900 358 2977 tempo1is
378 2902 410 2960 et
431 2898 525 2961 citius
545 2917 615 2977 spes
635 2897 792 2960 venientis
812 2896 915 2960 hebet.
