2752 4246
616 1085 733 1148 XXXI

216 1237 449 1379 AEQUALIS
468 1241 627 1320 quondam
647 1264 759 1320 eomes,
782 1245 808 1307 Ο
829 1242 1009 1308 dulcissime
1028 1264 1142 1321 retum,

277 1360 343 1403 non
361 1339 512 1403 bonitatis
531 1345 598 1404 erat
617 1341 791 1404 deseruisse
811 1344 901 1404 tuae:

255 1443 289 1502 te
308 1439 421 1500 flemus
440 1457 581 1518 semper:
609 1439 676 1501 sine
696 1443 729 1502 te
749 1439 826 1518 quid
846 1441 913 1503 vita
931 1437 1077 1503 iuvabit?

296 1538 333 1599 in
351 1534 445 1598 turba
464 1556 530 1599 non
550 1539 582 1599 te
602 1537 718 1616 sospite
737 1537 822 1600 solus
842 1557 903 1600 ero.

256 1635 303 1700 Ut
323 1637 393 1697 tum
412 1635 533 1696 eeeerni
552 1655 725 1715 eamusque
744 1636 944 1716 animamque
962 1634 1094 1716 pigebat,

297 1752 370 1796 eum
389 1732 520 1794 feriente
538 1733 621 1796 truci
639 1736 740 1796 morte
759 1734 878 1812 petitus
898 1754 983 1796 eras:

254 1831 302 1895 sie
322 1850 379 1911 ego
398 1833 431 1893 te
449 1849 572 1910 semper
590 1829 690 1909 doleo,
712 1832 879 1908 carissime,
900 1836 1035 1912 raptum,

296 1928 412 1991 flebilis
431 1932 464 1990 et
482 1929 584 1991 vitam
604 1929 789 1992 dissociatus
809 1949 876 2010 ago.

257 2026 329 2090 Non
348 2046 408 2094 nos
426 2027 555 2089 vidistis
574 2029 754 2105 spatiantes,
776 2046 891 2107 pascua
910 2027 1007 2104 Canai,

296 2125 453 2187 limitibus
471 2124 566 2202 notis,
582 2128 742 2204 >quotquot
762 2126 826 2187 iere
846 2125 937 2187 dies?

256 2226 368 2286 cuneta
388 2242 495 2285 meum
515 2223 657 2286 studium
677 2225 823 2303 cognovit
842 2223 965 2286 conseia
984 2222 1085 2297 silva;

295 2316 387 2384 arbor
405 2340 546 2401 quaeque
565 2322 615 2384 tui
633 2322 725 2384 testis
744 2321 862 2384 amoris
881 2325 956 2384 erat.

257 2418 344 2493 Hine
365 2422 397 2481 ea
415 2420 451 2482 in
471 2423 635 2482 aeternum
654 2419 753 2482 silvae
773 2419 921 2499 languete
941 2420 1076 2495 decorae,
1100 2429 1101 2432 ’

296 2517 439 2580 bracchia
457 2517 509 2580 vel
528 2521 655 2596 tegmen
675 2519 772 2580 densa
791 2518 886 2597 ligate
905 2518 1013 2598 pium:

257 2615 333 2695 quid
352 2615 409 2678 lux
429 2635 502 2678 eum
522 2616 672 2678 miseris?
698 2618 837 2680 tenebris
856 2617 1001 2680 obducite
1020 2615 1143 2680 lucem:

297 2713 416 2777 scilieet
436 2715 471 2777 in
490 2714 629 2777 tenebris
649 2733 735 2777 nune
755 2715 835 2777 iacet
854 2714 910 2778 ille
928 2735 1028 2778 meus.
