2752 4246
575 712 726 776 XXVIII

285 869 349 931 ΠΜ
369 870 454 931 ferus
474 869 607 931 attonita
625 869 783 948 popularis
803 871 837 931 in
858 871 934 933 urbe
953 870 1098 933 tribunus

285 968 413 1030 Italiam
433 970 573 1045 quateret
593 969 745 1029 seditione
765 988 871 1030 suam:

232 1069 428 1142 armaretque
448 1085 571 1142 manus,
593 1066 699 1143 legum
719 1066 826 1141 tutela,
848 1070 983 1143 senatus,

271 1163 396 1224 insidiis
415 1166 568 1241 premeret
588 1184 661 1224 cum
682 1164 817 1226 Catilina
836 1165 955 1227 bonos:

232 1263 269 1321 ut
289 1260 323 1321 di
343 1261 487 1322 sedarent
508 1261 622 1321 nimios
642 1262 804 1340 utriusque
824 1263 953 1336 furores,

271 1359 432 1437 priscaque
453 1379 544 1420 mens
566 1360 649 1421 Latii
670 1379 747 1420 sana
767 1360 885 1421 rediret
905 1362 1004 1440 agris:

233 1457 353 1518 exstitit
374 1458 516 1534 egregius
535 1457 696 1519 Romanus
717 1458 846 1519 nomine
868 1458 972 1535 Gaius

271 1556 353 1616 sorte
373 1574 428 1615 sua
447 1555 548 1615 laetus
568 1575 629 1633 quo
651 1557 728 1616 duce
749 1557 879 1634 quisque
900 1557 988 1617 foret.

232 1651 286 1714 Illi
305 1653 495 1713 stramineus
516 1653 616 1713 lectus
636 1654 803 1731 mollisque
822 1655 1010 1733 placensque

272 1769 390 1827 proque
409 1751 488 1811 toris
508 1750 598 1810 sedes
617 1751 777 1811 luxuriosa
798 1752 908 1828 tripus.

230 1847 326 1926 Saepe
348 1852 413 1908 erat
434 1849 603 1909 exhaustus
623 1852 742 1909 curtata
762 1851 930 1911 cantharus
951 1871 1026 1912 ansa

271 1966 329 2006 nec
349 1966 466 2006 vacuus
485 1966 595 2023 poscae
616 1947 786 2024 decipiebat
808 1969 905 2009 erum.

231 2043 357 2122 Effigies
377 2064 463 2104 carae
483 2045 639 2121 pendebat
659 2046 775 2122 pariete
796 2046 887 2123 turpi,

272 2143 412 2219 rimaque
431 2162 488 2219 per
508 2142 668 2219 speculum
689 2143 905 2220 conspicienda
925 2145 1022 2218 fuit:¹

231 2241 284 2301 sed
305 2240 450 2318 quamvis
471 2241 582 2317 opibus
602 2242 726 2302 floreret
746 2241 862 2302 talibus
883 2243 949 2318 ille,

271 2339 368 2399 Gaius
387 2342 452 2400 erat
474 2338 575 2400 laetus
596 2339 776 2400 condicione
796 2359 861 2402 sua.

230 2437 276 2498 Ut
296 2437 440 2514 fugerent
460 2437 567 2497 sordes
588 2438 698 2498 solitas
718 2438 868 2499 suadebat
888 2439 1008 2500 avaris:

269 2535 361 2595 testis
381 2537 446 2595 erat
467 2536 552 2613 quali
573 2540 686 2611 mente,
710 2536 849 2613 superbe,
871 2538 960 2598 fores.

229 2631 422 2693 Monstrabat
441 2634 540 2694 vitam
561 2634 734 2710 sapientem
754 2653 836 2695 vana
855 2635 994 2696 tumenti
1004 2659 1012 2710 ;

269 2731 342 2791 talis
362 2733 437 2805 erat,
461 2731 528 2807 Gai,
553 2751 644 2792 causa
665 2732 816 2808 laborque
836 2735 918 2793 tuus·

228 2826 434 2906 Simplicitate
454 2848 510 2889 sua
530 2830 655 2890 nolebat
674 2829 769 2906 figere
789 2829 893 2908 leges:

268 2927 327 2986 rite
348 2927 424 2988 satis
444 2928 544 2988 fuerat
563 2927 656 3003 plena
676 2927 805 3004 lagoena
824 2929 911 2989 meri.

229 3023 284 3085 Illi
302 3043 368 3084 non
389 3025 495 3085 schola
516 3027 599 3086 erat:
627 3025 654 3085 si
676 3026 714 3085 de
734 3025 850 3086 virtute
870 3030 1020 3103 moneret,

268 3122 453 3199 nescioquas
472 3123 579 3183 sedem
598 3142 695 3199 parva
713 3123 842 3183 taberna
862 3124 962 3184 dabat.

226 3219 432 3298 Paganusque
452 3219 550 3280 Solon
572 3239 670 3297 quum
690 3219 808 3281 diceret
828 3240 894 3281 esse
917 3224 1062 3282 senatum

259 3316 429 3401 iniustum,
452 3318 480 3379 si
500 3337 564 3378 non
583 3317 659 3378 vilia
677 3317 753 3379 vina
773 3318 885 3394 forent,

226 3434 291 3478 non
312 3415 374 3476 iras
393 3415 530 3476 tumidas
550 3415 677 3477 curabat
697 3434 848 3501 saevaque
868 3415 981 3492 verba;

266 3512 379 3575 militis
399 3516 430 3575 et
451 3513 537 3574 cordi
556 3512 685 3575 Thracis
705 3514 837 3591 amystis
857 3516 932 3575 erat.
