2752 4246
665 252 703 313 13

227 418 269 478 Et
289 416 371 478 mihi
390 419 479 478 erant
498 416 583 479 notit
611 410 757 478 sollemni
777 418 916 494 tempore
936 421 1016 480 teoto

267 516 345 576 festa
364 515 461 593 patrie
482 515 640 576 celebrant
660 514 772 575 ordine
792 515 925 592 quisque
945 535 1011 578 ouo.

228 615 310 690 Quas
330 614 410 674 mihi
431 611 556 674 delicias
579 612 723 674 dederint
742 612 797 674 vix
817 613 919 675 dicere
939 634 1087 691 possum3

265 711 339 772 exin
359 715 406 771 ter
425 711 525 772 decios
544 711 655 771 bruma
673 713 796 788 peraeto
815 711 896 771 mihi
916 715 971 773 eet.

225 810 395 871 Postmodo
414 812 450 870 tu
470 808 571 869 nitido
591 809 679 869 oultu
698 811 841 871 matrona
860 810 964 873 fuisti:

265 909 297 967 te
317 907 463 968 comitem
482 925 645 983 procerum
664 906 756 968 turbu
774 911 906 969 venusta
926 910 1012 985 pet‘t.

226 1000 276 1061 Me
296 1002 421 1062 fortuna
440 1002 542 1079 magis
561 1002 664 1062 multo
684 1001 818 1063 demissa
838 1007 975 1078 coercet;

266 1100 438 1161 intererant
457 1102 563 1160 autem
582 1102 723 1177 temporo
742 1099 821 1162 festa
841 1101 930 1163 mihi.

227 1198 355 1272 Quando
375 1197 452 1258 alias
471 1195 555 1258 oculi
574 1198 647 1258 lusu
667 1198 786 1259 nituere
806 1198 948 1275 benigno,

266 1295 352 1373 ligna
371 1297 432 1356 fooi
452 1295 569 1356 oiroum
589 1314 661 1356 oum
681 1298 747 1357 fera
767 1296 867 1358 saevit
887 1297 997 1373 hiems,

225 1395 261 1453 ut
282 1412 352 1454 meo
371 1413 444 1454 oum
463 1394 565 1470 proles
586 1392 710 1454 Christo
730 1397 847 1456 sacrata
868 1414 1012 1472 supremo
1031 1399 1102 1458 est?

266 1511 304 1550 ex
324 1492 381 1551 illo
400 1511 530 1552 numero
551 1491 601 1552 bis
621 1492 680 1553 duo
700 1491 799 1553 lustra
820 1492 877 1554 die.

227 1589 396 1650 Postmodo
417 1594 514 1668 nupta
534 1591 602 1651 viro
624 1593 672 1651 est
693 1591 793 1651 fuerat
814 1610 891 1668 quae
911 1591 1048 1652 maxima
1068 1595 1152 1666 natu,

265 1707 399 1766 canaque
419 1689 538 1749 solatur
556 1692 697 1766 tempora
718 1707 833 1749 nomen
853 1688 913 1750 uvi.

226 1785 363 1847 Parvula
383 1787 485 1862 neptis
504 1805 599 1847 avum
619 1787 750 1862 decorat,
774 1787 824 1846 oui
844 1789 991 1863 quattuor
1009 1787 1105 1858 anni;

265 1883 345 1944 hano
365 1883 471 1944 lusum
491 1904 604 1946 vernos
624 1885 777 1944 traximus
796 1885 879 1945 inter
898 1904 1001 1964 agros,

229 1982 320 2043 Hono
339 1982 447 2042 eadem
467 2001 544 2058 quoe
564 2001 621 2042 nos
643 1981 798 2043 delectant
817 1983 926 2043 florida
945 1985 1056 2060 protu3

265 2083 301 2141 ut
322 2079 488 2157 quondam,
511 2079 604 2141 solito
625 2081 705 2140 calta
725 2079 828 2141 nitore
847 2081 940 2158 viget.

226 2179 315 2240 Serta
334 2197 437 2239 secare
457 2176 544 2238 iuvat
565 2177 782 2255 calathumque
802 2179 918 2255 replere
938 2198 1102 2256 oopaoem3

266 2295 329 2338 non
350 2277 451 2337 deoioe
470 2276 563 2336 hodie
582 2295 637 2336 ver
656 2275 817 2337 renovavit
837 2296 932 2354 agree.
