2752 4246
686 922 766 986 XVI

280 1080 397 1143 ONGA
418 1080 498 1142 viast
519 1080 609 1142 nobis
631 1100 708 1158 quae
729 1080 815 1142 ducit
834 1080 873 1140 ab
894 1079 970 1141 urbe
990 1079 1048 1141 sub
1069 1080 1196 1142 urbem:

279 1178 442 1256 splendida
463 1177 600 1257 procedit
620 1178 756 1256 plurima
776 1198 889 1256 pompa
909 1177 978 1240 via:

227 1274 362 1354 alipedes
383 1275 509 1338 instrati
529 1279 613 1336 ostro
633 1265 784 1354 pictisque
804 1275 934 1352 tapetis:

267 1389 339 1435 cum
359 1395 456 1436 verna
476 1374 613 1435 subeunt
634 1393 739 1434 scurra
759 1373 863 1450 puella
882 1394 1001 1451 procus.

226 1471 308 1533 Tum
329 1473 394 1533 ioca
413 1475 484 1533 tum
504 1491 608 1533 sermo
627 1471 776 1549 strepitus
795 1475 866 1531 tum
886 1472 1019 1534 martius
1039 1474 1151 1535 armis:

160 1634 162 1638 Α
265 1590 317 1632 me
331 1570 469 1647 peditem
489 1570 569 1631 siooo
589 1589 657 1630 sors
677 1569 763 1630 iubet
782 1569 826 1630 ire
847 1569 904 1631 die.

226 1667 276 1728 Me
296 1669 463 1729 matutinis
482 1667 606 1729 nebulis
626 1667 778 1728 stillantia
798 1671 896 1745 prata,

266 1786 317 1827 mo
337 1767 389 1828 via
409 1766 468 1826 sub
489 1766 616 1827 Phoebo
638 1766 817 1826 continuata
837 1766 943 1828 iuvat:

226 1865 333 1925 fumus
354 1868 386 1925 et
406 1864 525 1925 emittit
546 1884 639 1943 quem
659 1866 743 1924 meta
763 1864 862 1942 potita
881 1864 1035 1942 laborum,

266 1962 438 2041 alloquium
459 1964 490 2022 et
511 1964 604 2023 statio
624 1965 848 2041 praetereuntis
868 1964 945 2026 iter:

226 2063 257 2119 et
277 2060 350 2137 iuga
370 2079 448 2138 quac
468 2060 561 2121 colles
578 2062 735 2138 propiores
755 2061 911 2122 cernimus
931 2062 1021 2136 ultra,

265 2162 296 2219 et
316 2159 368 2219 via
387 2161 474 2235 grata
495 2155 553 2234 die,
574 2177 700 2236 vespere
719 2163 806 2236 grata
825 2159 921 2237 quies.

226 2255 356 2332 Cognita
377 2256 456 2318 silva
476 2258 621 2334 frequens
641 2257 731 2318 nobis
752 2257 912 2335 campique
933 2261 1051 2336 perusti

265 2373 398 2430 ruraque
418 2354 473 2415 vix
493 2355 559 2415 ullo
581 2355 670 2415 devia
691 2354 766 2415 trita
785 2356 879 2432 pede:

225 2452 289 2512 sole
309 2453 367 2512 sub
388 2453 514 2513 occiduo
533 2454 623 2515 fessis
643 2452 819 2531 gratissima
840 2455 927 2514 sedes

265 2548 340 2609 viva
359 2569 446 2610 meos
466 2550 527 2611 rivi
547 2570 608 2629 qua
628 2550 712 2612 lavet
732 2552 816 2612 unda
836 2553 937 2628 pedes.

225 2646 375 2723 Ingentes
395 2646 464 2707 noti
484 2648 578 2710 colles
599 2651 631 2708 et
652 2648 751 2710 saltus
773 2668 886 2726 opacus

267 2746 299 2803 et
316 2744 403 2806 focus
423 2748 455 2805 et
473 2746 562 2807 tenui
581 2746 780 2824 simplicitate
800 2766 893 2808 casae.
