2752 4246
696 740 744 803 VI

280 894 463 970 UIOQUID
480 897 587 956 amant
603 894 747 955 homines
765 913 958 974 quacumque
975 894 1119 973 cupidine
1132 894 1217 967 vieti,

280 993 379 1070 gloria
398 993 440 1054 sit
460 993 622 1054 luorumve
643 995 697 1053 aut
717 1012 822 1054 rerum
842 1012 968 1055 noscere
989 1013 1136 1055 causas-

226 1091 332 1170 eoquis
352 1111 409 1167 pro
429 1090 564 1169 propriis
582 1089 681 1152 vieini
701 1091 863 1152 'commoda
883 1093 1010 1152 mutet?

227 1191 315 1250 Felix
335 1193 382 1250 est
403 1189 544 1266 sapiens:
571 1191 700 1249 naturae
720 1189 843 1250 foedera
862 1190 991 1268 quaerit.

227 1283 316 1343 Felix
335 1285 382 1343 est
401 1282 539 1344 stultus:
567 1302 631 1343 non
651 1281 728 1342 utile
747 1284 873 1345 nos‘oere
894 1286 992 1354 ourat,

226 1380 315 1440 dives
335 1381 368 1439 et
388 1382 435 1439 est
455 1378 531 1439 felix
551 1396 656 1438 rerum
676 1378 727 1439 oui
746 1379 833 1456 eopia
853 1380 947 1454 cordi,

226 1479 280 1538 sed
300 1496 418 1554 pauper
437 1475 526 1537 divos
545 1495 579 1537 se
599 1475 696 1536 eredit
716 1496 820 1537 amare
839 1477 969 1539 beatus:

227 1595 333 1636 caesus
354 1578 385 1635 et
405 1573 550 1646 exsultat,
570 1593 701 1635 maneus
719 1576 811 1651 canit,
834 1574 969 1652 optimus
990 1595 1071 1637 unus

226 1675 330 1736 ebrius
350 1673 415 1751 ipse
435 1673 505 1748 sibi,
527 1692 633 1734 veoors
653 1693 707 1734 rex
727 1692 795 1734 esse
812 1673 947 1735 videtur.

227 1772 337 1833 Nescio
357 1771 433 1849 quid
453 1770 609 1832 meditans
629 1771 677 1831 nil
696 1775 783 1833 vates
802 1772 937 1849 amplius
957 1775 1043 1846 orat;

226 1872 301 1932 felix
321 1872 376 1948 qui
395 1869 513 1931 morbis
532 1869 702 1931 medicinas
723 1871 843 1948 quaerit
862 1874 893 1932 et
913 1869 1004 1948 alget.

225 1970 346 2047 Aspice·
360 1970 476 2028 secreta
495 1988 602 2030 caussa
620 1968 776 2030 laetantur
795 1972 832 2030 ut
851 1988 976 2030 omnes:

225 2069 326 2128 fastus
346 2085 493 2144 amorque
513 2066 563 2127 sui
583 2068 767 2128 cunctorum
787 2069 911 2145 pectora
930 2067 1087 2142 muleent;

225 2164 335 2241 aspice,
357 2184 495 2242 quaeque
515 2183 572 2225 suo
591 2164 694 2226 studio
714 2165 919 2242 distinguitur
937 2169 1030 2227 aetas.

226 2261 303 2339 Spes
323 2262 441 2323 refovet
461 2282 518 2322 noo
538 2281 597 2323 nos
616 2262 820 2324 moribundos
841 2262 953 2323 deserit
971 2263 1061 2324 alma.

227 2360 381 2421 Paruulus
402 2360 457 2421 ille
477 2380 556 2438 puer
576 2362 706 2422 naturae
726 2361 794 2439 lege
815 2360 950 2440 benigna

227 2458 352 2518 admota
371 2459 459 2535 palea
478 2461 656 2520 tractansve
676 2459 847 2536 crepundia
865 2458 966 2521 ridete

226 2556 361 2619 vividior
380 2556 525 2617 iuvenem
545 2556 638 2618 ludus
657 2557 789 2618 delectat
807 2558 943 2618 eundem

228 2674 266 2714 ex
286 2673 384 2732 aequo
403 2673 529 2727 vacuus,
549 2655 668 2716 celeber
688 2675 811 2715 rumore
832 2655 967 2716 seeundo
978 2675 986 2728 ;

227 2751 364 2812 allicitur
383 2750 456 2812 latis
477 2751 573 2813 clavis
593 2752 745 2813 maturior
764 2755 847 2814 aetas

228 2852 259 2909 et
279 2851 435 2910 nummis:
455 2853 595 2912 extrema
615 2850 688 2912 deos
709 2853 740 2911 et
758 2849 876 2927 templa
894 2850 1012 2928 fatigat.

228 2947 336 3025 Nugas
357 2947 512 3009 delectant
531 2967 670 3026 sempor:
690 2952 798 3009 tamen
819 2948 924 3010 omnia
944 2967 1064 3027 nugae:

228 3045 330 3107 exitus
350 3049 398 3107 est
417 3045 506 3108 fessis
526 3065 631 3109 mors:
661 3045 766 3107 fabula
785 3066 865 3108 vana
885 3049 1045 3124 peraetast.
