2752 4246
620 1055 734 1120 XXIV

277 1209 375 1276 UAM
394 1233 517 1292 semper
536 1213 620 1295 cupii
639 1215 740 1276 vitam
755 1212 837 1275 mihi
854 1214 959 1274 vivere
977 1211 1088 1275 detur:

277 1314 399 1390 praeter
417 1332 468 1373 me
487 1314 597 1390 pergat
616 1314 717 1372 uetera
736 1311 829 1373 turba
849 1312 944 1372 viam.

225 1410 372 1473 Securum
393 1411 483 1488 cupio
503 1413 563 1472 sub
584 1410 636 1471 dio
657 1429 780 1488 carpere
801 1408 923 1472 vitam:

265 1507 378 1568 semita
396 1507 451 1567 vix
471 1510 547 1569 noto
569 1507 659 1568 devia
679 1527 752 1569 rure
772 1505 884 1584 placet.
982 1492 984 1497 ’

226 1603 357 1683 Carpere
377 1605 436 1664 sub
457 1605 561 1666 dumis
581 1624 709 1666 somnos
729 1604 896 1682 stellasque
916 1603 1022 1665 videre

265 1709 307 1769 sit
327 1708 426 1785 mihi;
454 1709 519 1770 sint
539 1709 648 1770 latices
666 1710 826 1785 frustaque
846 1709 925 1769 dura
946 1705 1055 1781 cibus3

225 1806 300 1868 haee
320 1810 369 1868 est
388 1808 454 1870 vita
474 1807 565 1882 mihi,
587 1807 736 1885 quoniam
755 1807 856 1883 placet
876 1824 975 1882 usque
995 1805 1120 1884 vagarii

264 1905 300 1967 hi
321 1905 418 1965 donec
439 1905 557 1966 moriar
577 1904 643 1966 sint
663 1904 733 1965 eine
753 1903 817 1964 fine
838 1903 917 1964 dies.

226 2003 299 2065 Sero
319 2003 371 2064 vel
391 2002 486 2064 eitius
507 2006 590 2063 certo
610 2022 696 2063 mors
716 2005 844 2080 occupet
864 2002 945 2064 ictu:

266 2101 486 2179 qualicumque
506 2099 587 2160 mihi
607 2101 712 2162 vivere
732 2100 800 2177 lege
821 2099 921 2176 libet;

226 2199 395 2260 dummodo
415 2199 602 2277 conspiciam
623 2198 718 2259 silvas
738 2216 924 2276 camposque
943 2199 1087 2276 putentes

267 2316 421 2374 quemque
441 2315 551 2374 sequar
571 2296 689 2373 campie
709 2296 827 2357 advena
846 2298 963 2357 trames
982 2297 1041 2355 eat.

227 2393 300 2456 Non
319 2414 407 2456 amor
425 2396 474 2454 est
494 2413 591 2469 curae,
612 2414 714 2471 neque
734 2413 818 2471 epae,
839 2412 905 2453 non
925 2391 991 2454 ulla
1010 2392 1109 2454 futuri

267 2493 419 2554 ambitio:
446 2492 531 2552 cordi
549 2492 660 2553 nullus
679 2492 798 2553 amicus
818 2491 885 2552 erit.

228 2591 311 2652 Sunt
331 2591 393 2652 duo
414 2609 491 2668 quae
511 2593 559 2650 sat
580 2593 692 2653 erunt:
721 2590 780 2652 sub
802 2589 853 2650 dio
874 2589 982 2666 degere
1001 2588 1099 2650 vitam

268 2693 299 2750 et
319 2688 373 2751 ria
391 2690 465 2751 nota
484 2707 596 2768 sequar
617 2708 711 2770 quam
731 2689 826 2768 pedes
845 2687 928 2749 inter
948 2705 1048 2765 agros.
