2752 4246
625 233 666 299 57

227 400 370 464 Perdidit
388 402 457 480 (aut
476 401 581 482 fallor)
602 403 738 465 formam
759 402 880 467 Natura
899 403 1031 466 creatrix

267 503 429 578 praestans
449 501 565 579 effigies
584 501 659 562 11100
679 502 736 563 ubi
755 501 829 562 ficta
848 501 918 564 fuit.

228 597 270 660 Et
288 597 344 660 vix
364 598 509 660 credibile
529 601 581 660 est-
597 599 749 660 Naturam
768 619 857 677 posse
878 618 979 660 creare

266 714 333 757 rem
353 697 404 757 cui
423 696 613 775 conspicitur
633 700 741 758 tantus
762 696 797 758 in
817 717 870 758 ore
891 698 990 758 decor.

227 793 299 855 Non
320 795 403 855 male
424 793 593 856 contuleris
613 795 729 855 miram
749 794 908 856 Phoenica
927 795 1088 857 volucrem

268 911 362 968 quam
383 892 496 954 famast
517 892 649 953 Pharios
668 892 836 954 incoluisse
856 893 949 955 locos.

224 1009 288 1050 non
308 990 382 1050 huic
403 990 545 1052 invenies
566 991 702 1051 similem
722 993 778 1051 aut
797 992 915 1053 virtute
935 991 1112 1065 secundam,

266 1106 331 1147 non
351 1088 426 1149 fasti
446 1089 606 1149 referunt:
634 1089 727 1148 unica
747 1108 869 1166 semper
889 1089 966 1150 avis.

227 1185 320 1246 Casta
339 1185 441 1247 Diana
460 1187 568 1247 deast:
596 1189 706 1265 aequat
726 1205 796 1246 mea
815 1205 888 1247 cura
907 1187 1051 1264 Dianam,

267 1283 501 1363 Penelopesque
521 1285 600 1346 iacet
620 1285 684 1344 iam
706 1288 850 1362 superata
862 1286 949 1348 fides,

227 1381 270 1441 Et
290 1383 394 1459 gravis
413 1385 446 1444 et
466 1386 612 1444 constans
632 1384 736 1444 verbis
756 1382 909 1462 rebusque
929 1383 1052 1462 puella:

267 1499 371 1540 11011110
392 1481 469 1542 satis
488 1482 590 1543 virtus
610 1484 851 1543 commemorata
870 1482 951 1542 mihi
970 1484 1041 1543 est‘?

226 1577 261 1638 in
281 1598 491 1657 quascumque
510 1580 589 1641 velis
609 1578 715 1639 oculos
735 1583 914 1641 convertere
934 1583 1034 1640 terras

225 1671 227 1676 ’
267 1676 439 1737 assimilem
459 1679 582 1737 nostrae
602 1696 667 1737 non
686 1677 820 1754 reperire
842 1697 944 1755 queas.

229 1773 325 1834 Nocte
345 1775 433 1835 velut
453 1775 536 1836 caelo
556 1775 678 1854 glaciali
697 1776 789 1837 stella
809 1777 937 1851 renidet,

271 1891 397 1950 corpore
417 1873 461 1935 sic
481 1873 532 1933 illi
552 1873 595 1934 sic
616 1873 702 1933 nitor
722 1894 774 1933 ore
794 1875 899 1934 micat.

230 1969 301 2030 Non
320 1971 410 2031 illam
430 1971 574 2033 invenies
595 1972 711 2031 Bacchi
730 1991 786 2048 per
806 1992 893 2032 01011
912 1974 1085 2047 vagantem,

268 2087 333 2127 non
353 2067 409 2128 ubi
429 2068 481 2129 dat
501 2071 609 2145 turpes
630 2086 741 2129 scaena
760 2071 904 2146 proterva
923 2071 1015 2130 iocos.

230 2165 302 2225 Non
322 2185 389 2226 sese
409 2167 505 2227 iactat
524 2166 636 2244 plateis
657 2168 812 2244 gestitque
832 2167 941 2242 videri,

266 2283 332 2324 non
352 2267 436 2325 errat
455 2264 558 2341 plenis
577 2266 759 2326 incomitata
779 2266 848 2328 viis.

229 2361 288 2422 sed
308 2365 415 2423 tamen
433 2361 516 2424 haud
536 2363 671 2423 nimium
687 2363 754 2424 ioca
771 2362 887 2424 temnit
905 2365 1008 2424 fronte
1024 2383 1138 2439 severa,

268 2460 322 2521 sed
344 2481 423 2538 quae
442 2462 508 2522 sint
528 2464 613 2522 casto
634 2461 729 2540 digna
748 2463 866 2538 pudore
888 2461 1005 2523 iuvant.

230 2557 330 2618 Omne
351 2559 434 2635 quod
456 2561 503 2619 est
524 2558 639 2620 vitium
661 2579 752 2619 mens
774 2562 913 2620 aversata
933 2559 1056 2638 refugit,

268 2655 412 2734 displicet
433 2660 465 2718 et
487 2676 596 2734 segnes
616 2657 814 2719 continuasse
835 2657 911 2719 dies.
