2752 4246
675 1071 693 1131 I

298 1227 353 1288 Ac
374 1226 434 1287 tibi
454 1226 527 1286 finis
546 1227 615 1286 heri
635 1227 737 1288 fuerat
757 1225 868 1287 tellure
889 1225 1050 1298 morandi3

298 1344 392 1402 quam
414 1324 475 1384 cito
496 1323 545 1385 bis
565 1327 685 1401 septem
705 1325 888 1402 praeteriere
910 1325 994 1384 dies!

230 1423 395 1483 Finximus
415 1423 572 1484 ineassum
593 1441 700 1483 causas
720 1443 805 1500 quae,
828 1423 944 1496 Chlori,
967 1425 1131 1482 tenerent:

271 1541 356 1581 nune
376 1539 489 1582 vacuas
509 1524 632 1581 mentes
651 1523 683 1580 te
704 1540 876 1581 memorare
896 1522 992 1580 iuvat.

230 1619 353 1680 Chloris
374 1619 539 1695 opinatur:
560 1618 681 1696 quoties
701 1639 763 1680 vox
783 1621 858 1679 nota
877 1638 931 1694 per
950 1637 1041 1679 aures

269 1718 374 1792 intrat,
399 1717 518 1794 opinati
539 1737 596 1778 nos
616 1718 705 1795 quasi
724 1719 790 1778 iure
812 1737 932 1778 sumus.

228 1817 297 1876 Vox
317 1817 399 1876 cadit
419 1818 451 1874 et
470 1814 570 1891 surgit
589 1806 670 1876 tuaz'
689 1834 797 1876 vocem
817 1813 944 1875 sedulus
964 1814 1062 1875 eheu!

268 1914 398 1992 quisque
418 1933 475 1974 sua
495 1913 611 1974 frustra
631 1933 706 1974 voee
727 1914 840 1974 referre
862 1913 955 1990 eupit.

228 2012 272 2071 Te
293 2031 380 2072 mare
401 2011 465 2071 iam
486 2013 608 2085 veetat3
636 2031 694 2072 nos
714 2011 749 2070 in
770 2011 883 2071 tellure
903 2029 1088 2070 manemus:

267 2130 391 2171 evasere
412 2105 494 2170 oculi
514 2111 681 2187 dextraque
701 2129 770 2170 cara
789 2129 890 2186 proce.
977 2099 983 2110 ⁸

227 2209 298 2268 Non
319 2229 369 2268 me
391 2227 470 2285 quae
490 2208 636 2268 miseram
656 2211 688 2268 te
709 2211 886 2269 commovet
905 2207 990 2267 unda
1009 2205 1151 2267 lacessit:

266 2311 302 2366 tu
323 2307 452 2384 pelagus
473 2306 604 2367 lustras:
625 2326 677 2366 me
692 2325 760 2365 maa
781 2308 865 2365 terra
886 2307 983 2366 tenet.

226 2407 295 2465 Iam
317 2405 377 2464 tibi
398 2403 566 2480 Neptunus
587 2402 775 2478 dominatur,
798 2423 916 2464 numen
937 2402 1102 2463 acerbum:

266 2523 330 2562 nen
350 2503 416 2562 ioca
436 2503 489 2562 sed
511 2504 617 2562 motus
636 2501 751 2562 suffieit
770 2502 825 2562 ille
845 2520 947 2561 senen

226 2601 347 2661 Fallere
367 2600 551 2677 Neptunum
573 2600 654 2660 sieut
674 2620 726 2659 me
747 2599 834 2661 nulla
853 2599 993 2673 facultas,

265 2700 319 2777 qui
340 2718 451 2776 queror
470 2701 610 2759 avectam
631 2698 719 2784 lusus
739 2698 839 2759 abisse
859 2698 948 2759 mari.
