<?xml version="1.0" encoding="UTF-8"?>
<!DOCTYPE html PUBLIC "-//W3C//DTD XHTML 1.0 Transitional//EN"
    "http://www.w3.org/TR/xhtml1/DTD/xhtml1-transitional.dtd">
<html xmlns="http://www.w3.org/1999/xhtml" xml:lang="en" lang="en">
 <head>
  <title>
</title>
<meta http-equiv="Content-Type" content="text/html;charset=utf-8" />
  <meta name='ocr-system' content='tesseract 3.04.00' />
  <meta name='ocr-capabilities' content='ocr_page ocr_carea ocr_par ocr_line ocrx_word'/>
</head>
<body>
  <div class='ocr_page' id='page_1' title='image "./faircopies00unkngoog_0026.png"; bbox 0 0 2752 4246; ppageno 0'>
   <div class='ocr_carea' id='block_1_1' title="bbox 672 720 703 781">
    <p class='ocr_par' dir='ltr' id='par_1_1' title="bbox 672 720 703 781">
     <span class='ocr_line' id='line_1_1' title="bbox 672 720 703 781; baseline 0 0"><span class='ocrx_word' id='word_1_1' title='bbox 672 720 703 781; x_wconf 87' lang='lat' dir='ltr'><strong>V</strong></span> 
     </span>
    </p>
   </div>
   <div class='ocr_carea' id='block_1_2' title="bbox 225 813 1177 3611">
    <p class='ocr_par' dir='ltr' id='par_1_2' title="bbox 232 813 1060 1008">
     <span class='ocr_line' id='line_1_2' title="bbox 232 813 1060 1008; baseline 0.003 -71"><span class='ocrx_word' id='word_1_2' title='bbox 232 813 399 1008; x_wconf 75' lang='lat' dir='ltr'>TEOUM</span> <span class='ocrx_word' id='word_1_3' title='bbox 419 877 508 939; x_wconf 83' lang='lat' dir='ltr'>lusus</span> <span class='ocrx_word' id='word_1_4' title='bbox 528 879 594 936; x_wconf 91' lang='lat' dir='ltr'>erat</span> <span class='ocrx_word' id='word_1_5' title='bbox 613 896 669 953; x_wconf 92' lang='lat' dir='ltr'>per</span> <span class='ocrx_word' id='word_1_6' title='bbox 688 879 777 954; x_wconf 88' lang='lat' dir='ltr'>prata</span> <span class='ocrx_word' id='word_1_7' title='bbox 796 876 930 939; x_wconf 88' lang='lat' dir='ltr'>virentia</span> <span class='ocrx_word' id='word_1_8' title='bbox 951 878 1060 940; x_wconf 76' lang='lat' dir='ltr'>saltis:</span> 
     </span>
    </p>

    <p class='ocr_par' dir='ltr' id='par_1_3' title="bbox 229 974 1177 2325">
     <span class='ocr_line' id='line_1_3' title="bbox 281 974 978 1052; baseline 0 -16"><span class='ocrx_word' id='word_1_9' title='bbox 281 977 380 1036; x_wconf 87' lang='grc'>111111</span> <span class='ocrx_word' id='word_1_10' title='bbox 399 977 487 1041; x_wconf 85' lang='lat' dir='ltr'>sexta</span> <span class='ocrx_word' id='word_1_11' title='bbox 506 974 586 1035; x_wconf 93' lang='lat' dir='ltr'>mihi</span> <span class='ocrx_word' id='word_1_12' title='bbox 606 977 717 1052; x_wconf 91' lang='lat' dir='ltr'>quaet</span> <span class='ocrx_word' id='word_1_13' title='bbox 703 974 762 1034; x_wconf 91' lang='lat' dir='ltr'>tibi</span> <span class='ocrx_word' id='word_1_14' title='bbox 782 978 889 1052; x_wconf 88' lang='lat' dir='ltr'>quarta</span> <span class='ocrx_word' id='word_1_15' title='bbox 909 975 978 1036; x_wconf 83' lang='lat' dir='ltr'>fuit</span> 
     </span>
     <span class='ocr_line' id='line_1_4' title="bbox 231 1072 1109 1154; baseline 0.002 -20"><span class='ocrx_word' id='word_1_16' title='bbox 231 1073 392 1134; x_wconf 87' lang='lat' dir='ltr'>Necteret</span> <span class='ocrx_word' id='word_1_17' title='bbox 378 1077 448 1134; x_wconf 93' lang='lat' dir='ltr'>tum</span> <span class='ocrx_word' id='word_1_18' title='bbox 468 1072 733 1148; x_wconf 86' lang='grc'>110111(11111111</span> <span class='ocrx_word' id='word_1_19' title='bbox 759 1072 863 1134; x_wconf 83' lang='lat' dir='ltr'>brevis</span> <span class='ocrx_word' id='word_1_20' title='bbox 881 1075 937 1135; x_wconf 83' lang='lat' dir='ltr'>illa</span> <span class='ocrx_word' id='word_1_21' title='bbox 955 1075 1109 1154; x_wconf 84' lang='lat' dir='ltr'>voluptas)</span> 
     </span>
     <span class='ocr_line' id='line_1_5' title="bbox 270 1169 899 1249; baseline 0.005 -20"><span class='ocrx_word' id='word_1_22' title='bbox 270 1173 302 1231; x_wconf 90' lang='lat' dir='ltr'>et</span> <span class='ocrx_word' id='word_1_23' title='bbox 321 1190 407 1231; x_wconf 89' lang='lat' dir='ltr'>roseo</span> <span class='ocrx_word' id='word_1_24' title='bbox 426 1171 555 1231; x_wconf 78' lang='lat' dir='ltr'>comites</span> <span class='ocrx_word' id='word_1_25' title='bbox 574 1190 647 1231; x_wconf 88' lang='lat' dir='ltr'>cura</span> <span class='ocrx_word' id='word_1_26' title='bbox 667 1169 780 1248; x_wconf 85' lang='lat' dir='ltr'>petisse</span> <span class='ocrx_word' id='word_1_27' title='bbox 799 1171 899 1249; x_wconf 88' lang='lat' dir='ltr'><strong>globo.</strong></span> 
     </span>
     <span class='ocr_line' id='line_1_6' title="bbox 231 1267 1149 1347; baseline 0.003 -20"><span class='ocrx_word' id='word_1_28' title='bbox 231 1269 293 1327; x_wconf 90' lang='lat' dir='ltr'>Per</span> <span class='ocrx_word' id='word_1_29' title='bbox 311 1287 438 1328; x_wconf 89' lang='lat' dir='ltr'>nemora</span> <span class='ocrx_word' id='word_1_30' title='bbox 457 1267 519 1329; x_wconf 90' lang='lat' dir='ltr'>huc</span> <span class='ocrx_word' id='word_1_31' title='bbox 539 1268 614 1328; x_wconf 90' lang='lat' dir='ltr'>illuc</span> <span class='ocrx_word' id='word_1_32' title='bbox 633 1287 690 1344; x_wconf 92' lang='lat' dir='ltr'>per</span> <span class='ocrx_word' id='word_1_33' title='bbox 709 1267 819 1328; x_wconf 86' lang='lat' dir='ltr'>florida</span> <span class='ocrx_word' id='word_1_34' title='bbox 838 1272 927 1344; x_wconf 86' lang='lat' dir='ltr'>prata</span> <span class='ocrx_word' id='word_1_35' title='bbox 946 1289 1003 1347; x_wconf 92' lang='lat' dir='ltr'>per</span> <span class='ocrx_word' id='word_1_36' title='bbox 1021 1269 1149 1330; x_wconf 79' lang='lat' dir='ltr'><strong>herbam</strong></span> 
     </span>
     <span class='ocr_line' id='line_1_7' title="bbox 270 1366 909 1445; baseline 0 -18"><span class='ocrx_word' id='word_1_37' title='bbox 270 1366 368 1443; x_wconf 89' lang='lat' dir='ltr'>palati</span> <span class='ocrx_word' id='word_1_38' title='bbox 387 1369 526 1429; x_wconf 75' lang='lat' dir='ltr'>teneram</span> <span class='ocrx_word' id='word_1_39' title='bbox 545 1366 637 1427; x_wconf 90' lang='lat' dir='ltr'>turba</span> <span class='ocrx_word' id='word_1_40' title='bbox 657 1367 771 1445; x_wconf 87' lang='lat' dir='ltr'>pusilla</span> <span class='ocrx_word' id='word_1_41' title='bbox 791 1386 909 1427; x_wconf 87' lang='lat' dir='ltr'>sumus.</span> 
     </span>
     <span class='ocr_line' id='line_1_8' title="bbox 231 1463 1047 1543; baseline 0.001 -20"><span class='ocrx_word' id='word_1_42' title='bbox 231 1464 302 1524; x_wconf 87' lang='lat' dir='ltr'>Huc</span> <span class='ocrx_word' id='word_1_43' title='bbox 323 1464 398 1525; x_wconf 86' lang='lat' dir='ltr'>illue</span> <span class='ocrx_word' id='word_1_44' title='bbox 418 1463 565 1525; x_wconf 87' lang='lat' dir='ltr'>manibus</span> <span class='ocrx_word' id='word_1_45' title='bbox 584 1465 700 1524; x_wconf 89' lang='lat' dir='ltr'>iunctis</span> <span class='ocrx_word' id='word_1_46' title='bbox 719 1484 755 1526; x_wconf 90' lang='lat' dir='ltr'>ea</span> <span class='ocrx_word' id='word_1_47' title='bbox 775 1465 868 1525; x_wconf 90' lang='lat' dir='ltr'>turba</span> <span class='ocrx_word' id='word_1_48' title='bbox 887 1467 1047 1543; x_wconf 85' lang='lat' dir='ltr'>vagataet:</span> 
     </span>
     <span class='ocr_line' id='line_1_9' title="bbox 269 1560 930 1638; baseline 0 -17"><span class='ocrx_word' id='word_1_49' title='bbox 269 1562 390 1622; x_wconf 86' lang='lat' dir='ltr'>bissex</span> <span class='ocrx_word' id='word_1_50' title='bbox 411 1560 510 1623; x_wconf 87' lang='lat' dir='ltr'>lustra</span> <span class='ocrx_word' id='word_1_51' title='bbox 529 1561 597 1622; x_wconf 86' lang='lat' dir='ltr'>seni</span> <span class='ocrx_word' id='word_1_52' title='bbox 617 1561 681 1622; x_wconf 91' lang='lat' dir='ltr'>iam</span> <span class='ocrx_word' id='word_1_53' title='bbox 701 1562 820 1638; x_wconf 91' lang='lat' dir='ltr'>periere</span> <span class='ocrx_word' id='word_1_54' title='bbox 841 1562 930 1622; x_wconf 92' lang='lat' dir='ltr'>mihi.</span> 
     </span>
     <span class='ocr_line' id='line_1_10' title="bbox 230 1658 1077 1738; baseline 0.004 -21"><span class='ocrx_word' id='word_1_55' title='bbox 230 1658 379 1735; x_wconf 86' lang='lat' dir='ltr'>Tempore</span> <span class='ocrx_word' id='word_1_56' title='bbox 400 1661 436 1719; x_wconf 81' lang='lat' dir='ltr'>tu</span> <span class='ocrx_word' id='word_1_57' title='bbox 456 1659 544 1737; x_wconf 85' lang='lat' dir='ltr'>lapso</span> <span class='ocrx_word' id='word_1_58' title='bbox 564 1659 603 1720; x_wconf 89' lang='lat' dir='ltr'>fis</span> <span class='ocrx_word' id='word_1_59' title='bbox 622 1659 751 1736; x_wconf 87' lang='lat' dir='ltr'>pulchra</span> <span class='ocrx_word' id='word_1_60' title='bbox 770 1661 961 1737; x_wconf 85' lang='lat' dir='ltr'>venustaque</span> <span class='ocrx_word' id='word_1_61' title='bbox 981 1660 1077 1738; x_wconf 84' lang='lat' dir='ltr'>virgo,</span> 
     </span>
     <span class='ocr_line' id='line_1_11' title="bbox 269 1757 952 1836; baseline 0.003 -20"><span class='ocrx_word' id='word_1_62' title='bbox 269 1777 325 1817; x_wconf 89' lang='lat' dir='ltr'>nec</span> <span class='ocrx_word' id='word_1_63' title='bbox 346 1757 428 1819; x_wconf 90' lang='lat' dir='ltr'>cedit</span> <span class='ocrx_word' id='word_1_64' title='bbox 448 1757 534 1833; x_wconf 84' lang='lat' dir='ltr'>lapso</span> <span class='ocrx_word' id='word_1_65' title='bbox 555 1761 694 1835; x_wconf 88' lang='lat' dir='ltr'>tempore</span> <span class='ocrx_word' id='word_1_66' title='bbox 714 1758 835 1836; x_wconf 89' lang='lat' dir='ltr'>primus</span> <span class='ocrx_word' id='word_1_67' title='bbox 854 1777 952 1820; x_wconf 89' lang='lat' dir='ltr'>amor.</span> 
     </span>
     <span class='ocr_line' id='line_1_12' title="bbox 229 1854 1083 1919; baseline 0.001 -6"><span class='ocrx_word' id='word_1_68' title='bbox 229 1855 388 1915; x_wconf 81' lang='lat' dir='ltr'>Presserat</span> <span class='ocrx_word' id='word_1_69' title='bbox 409 1854 549 1919; x_wconf 76' lang='lat' dir='ltr'>anxietas</span> <span class='ocrx_word' id='word_1_70' title='bbox 569 1857 712 1917; x_wconf 87' lang='lat' dir='ltr'>nostram</span> <span class='ocrx_word' id='word_1_71' title='bbox 732 1874 796 1915; x_wconf 93' lang='lat' dir='ltr'>non</span> <span class='ocrx_word' id='word_1_72' title='bbox 816 1855 882 1916; x_wconf 90' lang='lat' dir='ltr'>ulla</span> <span class='ocrx_word' id='word_1_73' title='bbox 902 1855 1083 1917; x_wconf 89' lang='lat' dir='ltr'>iuventam:</span> 
     </span>
     <span class='ocr_line' id='line_1_13' title="bbox 269 1951 896 2029; baseline 0.003 -19"><span class='ocrx_word' id='word_1_74' title='bbox 269 1952 316 2011; x_wconf 91' lang='lat' dir='ltr'>nil</span> <span class='ocrx_word' id='word_1_75' title='bbox 336 1952 417 2029; x_wconf 93' lang='lat' dir='ltr'>quod</span> <span class='ocrx_word' id='word_1_76' title='bbox 438 1971 497 2014; x_wconf 91' lang='lat' dir='ltr'>nos</span> <span class='ocrx_word' id='word_1_77' title='bbox 518 1951 601 2015; x_wconf 86' lang='lat' dir='ltr'>curis</span> <span class='ocrx_word' id='word_1_78' title='bbox 620 1951 800 2013; x_wconf 84' lang='lat' dir='ltr'>sollicitaret</span> <span class='ocrx_word' id='word_1_79' title='bbox 820 1955 896 2012; x_wconf 89' lang='lat' dir='ltr'>erat.</span> 
     </span>
     <span class='ocr_line' id='line_1_14' title="bbox 229 2049 1177 2128; baseline 0.002 -19"><span class='ocrx_word' id='word_1_80' title='bbox 229 2050 329 2125; x_wconf 78' lang='lat' dir='ltr'>Quam</span> <span class='ocrx_word' id='word_1_81' title='bbox 342 2050 402 2109; x_wconf 93' lang='lat' dir='ltr'>tibi</span> <span class='ocrx_word' id='word_1_82' title='bbox 415 2050 496 2111; x_wconf 89' lang='lat' dir='ltr'>fidus</span> <span class='ocrx_word' id='word_1_83' title='bbox 509 2052 613 2112; x_wconf 88' lang='lat' dir='ltr'>eramt</span> <span class='ocrx_word' id='word_1_84' title='bbox 634 2070 727 2128; x_wconf 89' lang='lat' dir='ltr'>quam</span> <span class='ocrx_word' id='word_1_85' title='bbox 743 2070 794 2111; x_wconf 90' lang='lat' dir='ltr'>me</span> <span class='ocrx_word' id='word_1_86' title='bbox 808 2050 909 2111; x_wconf 90' lang='lat' dir='ltr'>bonus</span> <span class='ocrx_word' id='word_1_87' title='bbox 927 2049 1059 2111; x_wconf 89' lang='lat' dir='ltr'>abstulit</span> <span class='ocrx_word' id='word_1_88' title='bbox 1074 2054 1177 2111; x_wconf 89' lang='lat' dir='ltr'>error!</span> 
     </span>
     <span class='ocr_line' id='line_1_15' title="bbox 269 2148 1028 2226; baseline 0.001 -18"><span class='ocrx_word' id='word_1_89' title='bbox 269 2148 339 2226; x_wconf 90' lang='lat' dir='ltr'>quis</span> <span class='ocrx_word' id='word_1_90' title='bbox 360 2168 440 2226; x_wconf 89' lang='lat' dir='ltr'>quae</span> <span class='ocrx_word' id='word_1_91' title='bbox 459 2148 553 2210; x_wconf 84' lang='lat' dir='ltr'>verba</span> <span class='ocrx_word' id='word_1_92' title='bbox 568 2149 663 2210; x_wconf 90' lang='lat' dir='ltr'>fidem</span> <span class='ocrx_word' id='word_1_93' title='bbox 683 2148 889 2210; x_wconf 86' lang='lat' dir='ltr'>testificentur</span> <span class='ocrx_word' id='word_1_94' title='bbox 908 2148 1028 2210; x_wconf 80' lang='lat' dir='ltr'>habet?</span> 
     </span>
     <span class='ocr_line' id='line_1_16' title="bbox 230 2247 966 2325; baseline 0 -17"><span class='ocrx_word' id='word_1_95' title='bbox 230 2247 371 2308; x_wconf 80' lang='lat' dir='ltr'>Crederis</span> <span class='ocrx_word' id='word_1_96' title='bbox 391 2267 429 2306; x_wconf 87' lang='lat' dir='ltr'>ex</span> <span class='ocrx_word' id='word_1_97' title='bbox 450 2266 549 2325; x_wconf 87' lang='lat' dir='ltr'>aequo</span> <span class='ocrx_word' id='word_1_98' title='bbox 569 2247 683 2308; x_wconf 85' lang='lat' dir='ltr'>vinciri</span> <span class='ocrx_word' id='word_1_99' title='bbox 704 2247 852 2324; x_wconf 88' lang='lat' dir='ltr'>compede</span> <span class='ocrx_word' id='word_1_100' title='bbox 871 2250 966 2325; x_wconf 87' lang='lat' dir='ltr'>grata.</span> 
     </span>
    </p>

    <p class='ocr_par' dir='ltr' id='par_1_4' title="bbox 227 2345 1104 2915">
     <span class='ocr_line' id='line_1_17' title="bbox 268 2345 1104 2422; baseline 0.004 -18"><span class='ocrx_word' id='word_1_101' title='bbox 268 2345 360 2405; x_wconf 90' lang='lat' dir='ltr'>Nunc</span> <span class='ocrx_word' id='word_1_102' title='bbox 380 2347 451 2422; x_wconf 87' lang='lat' dir='ltr'>post</span> <span class='ocrx_word' id='word_1_103' title='bbox 472 2345 572 2406; x_wconf 88' lang='lat' dir='ltr'>lustra</span> <span class='ocrx_word' id='word_1_104' title='bbox 593 2346 700 2406; x_wconf 87' lang='lat' dir='ltr'>decom</span> <span class='ocrx_word' id='word_1_105' title='bbox 719 2364 809 2406; x_wconf 89' lang='lat' dir='ltr'>mens</span> <span class='ocrx_word' id='word_1_106' title='bbox 829 2365 898 2405; x_wconf 89' lang='lat' dir='ltr'>mea</span> <span class='ocrx_word' id='word_1_107' title='bbox 918 2365 991 2406; x_wconf 90' lang='lat' dir='ltr'>vera</span> <span class='ocrx_word' id='word_1_108' title='bbox 1011 2345 1104 2407; x_wconf 90' lang='lat' dir='ltr'>videt.</span> 
     </span>
     <span class='ocr_line' id='line_1_18' title="bbox 228 2443 1004 2521; baseline 0.001 -19"><span class='ocrx_word' id='word_1_109' title='bbox 228 2444 314 2503; x_wconf 87' lang='lat' dir='ltr'>Tunc</span> <span class='ocrx_word' id='word_1_110' title='bbox 335 2443 388 2503; x_wconf 86' lang='lat' dir='ltr'>alii</span> <span class='ocrx_word' id='word_1_111' title='bbox 409 2443 562 2505; x_wconf 86' lang='lat' dir='ltr'>subeunt:</span> <span class='ocrx_word' id='word_1_112' title='bbox 588 2443 695 2520; x_wconf 91' lang='lat' dir='ltr'>prodis</span> <span class='ocrx_word' id='word_1_113' title='bbox 714 2446 750 2503; x_wconf 93' lang='lat' dir='ltr'>tu</span> <span class='ocrx_word' id='word_1_114' title='bbox 769 2443 893 2521; x_wconf 86' lang='lat' dir='ltr'>publica</span> <span class='ocrx_word' id='word_1_115' title='bbox 913 2463 1004 2504; x_wconf 88' lang='lat' dir='ltr'>cura:</span> 
     </span>
     <span class='ocr_line' id='line_1_19' title="bbox 267 2543 974 2620; baseline 0.001 -19"><span class='ocrx_word' id='word_1_116' title='bbox 267 2545 406 2618; x_wconf 90' lang='lat' dir='ltr'>tempore</span> <span class='ocrx_word' id='word_1_117' title='bbox 426 2543 525 2602; x_wconf 91' lang='lat' dir='ltr'>maior</span> <span class='ocrx_word' id='word_1_118' title='bbox 546 2545 612 2603; x_wconf 89' lang='grc'>1111</span> <span class='ocrx_word' id='word_1_119' title='bbox 632 2544 848 2620; x_wconf 82' lang='lat' dir='ltr'>praetereunte</span> <span class='ocrx_word' id='word_1_120' title='bbox 868 2560 974 2602; x_wconf 87' lang='lat' dir='ltr'>venus.</span> 
     </span>
     <span class='ocr_line' id='line_1_20' title="bbox 227 2639 1079 2718; baseline 0.001 -19"><span class='ocrx_word' id='word_1_121' title='bbox 227 2641 270 2700; x_wconf 85' lang='lat' dir='ltr'>Te</span> <span class='ocrx_word' id='word_1_122' title='bbox 289 2660 453 2717; x_wconf 90' lang='lat' dir='ltr'>procerum</span> <span class='ocrx_word' id='word_1_123' title='bbox 473 2640 593 2702; x_wconf 91' lang='lat' dir='ltr'>coluere</span> <span class='ocrx_word' id='word_1_124' title='bbox 615 2642 726 2702; x_wconf 87' lang='lat' dir='ltr'>domus</span> <span class='ocrx_word' id='word_1_125' title='bbox 747 2639 928 2717; x_wconf 86' lang='lat' dir='ltr'>dominique</span> <span class='ocrx_word' id='word_1_126' title='bbox 948 2639 1079 2718; x_wconf 88' lang='lat' dir='ltr'>superbi,</span> 
     </span>
     <span class='ocr_line' id='line_1_21' title="bbox 265 2737 981 2818; baseline 0.003 -20"><span class='ocrx_word' id='word_1_127' title='bbox 265 2742 297 2798; x_wconf 90' lang='lat' dir='ltr'>te</span> <span class='ocrx_word' id='word_1_128' title='bbox 316 2739 459 2817; x_wconf 89' lang='lat' dir='ltr'>princeps</span> <span class='ocrx_word' id='word_1_129' title='bbox 478 2739 581 2802; x_wconf 81' lang='lat' dir='ltr'>inhiat</span> <span class='ocrx_word' id='word_1_130' title='bbox 599 2741 750 2818; x_wconf 86' lang='lat' dir='ltr'>turbaque</span> <span class='ocrx_word' id='word_1_131' title='bbox 770 2737 858 2801; x_wconf 87' lang='lat' dir='ltr'>dives</span> <span class='ocrx_word' id='word_1_132' title='bbox 878 2759 981 2816; x_wconf 91' lang='lat' dir='ltr'>opum.</span> 
     </span>
     <span class='ocr_line' id='line_1_22' title="bbox 227 2827 962 2915; baseline 0 -19"><span class='ocrx_word' id='word_1_133' title='bbox 227 2837 314 2897; x_wconf 87' lang='lat' dir='ltr'>Tunc</span> <span class='ocrx_word' id='word_1_134' title='bbox 334 2856 391 2915; x_wconf 83' lang='lat' dir='ltr'>ego</span> <span class='ocrx_word' id='word_1_135' title='bbox 411 2839 443 2897; x_wconf 88' lang='lat' dir='ltr'>te</span> <span class='ocrx_word' id='word_1_136' title='bbox 463 2837 530 2899; x_wconf 83' lang='lat' dir='ltr'>vidi</span> <span class='ocrx_word' id='word_1_137' title='bbox 550 2827 731 2899; x_wconf 74' lang='lat' dir='ltr'>contentam</span> <span class='ocrx_word' id='word_1_138' title='bbox 752 2837 881 2914; x_wconf 85' lang='lat' dir='ltr'>coniuge</span> <span class='ocrx_word' id='word_1_139' title='bbox 903 2837 962 2897; x_wconf 93' lang='lat' dir='ltr'>diti</span> 
     </span>
    </p>

    <p class='ocr_par' dir='ltr' id='par_1_5' title="bbox 225 2935 1124 3611">
     <span class='ocr_line' id='line_1_23' title="bbox 265 2935 904 3014; baseline 0.003 -20"><span class='ocrx_word' id='word_1_140' title='bbox 265 2939 296 2994; x_wconf 88' lang='lat' dir='ltr'>et</span> <span class='ocrx_word' id='word_1_141' title='bbox 317 2935 418 2997; x_wconf 78' lang='lat' dir='ltr'>claror</span> <span class='ocrx_word' id='word_1_142' title='bbox 443 2935 549 2996; x_wconf 87' lang='lat' dir='ltr'>ventis</span> <span class='ocrx_word' id='word_1_143' title='bbox 567 2937 662 2998; x_wconf 88' lang='lat' dir='ltr'>verba</span> <span class='ocrx_word' id='word_1_144' title='bbox 681 2935 782 3014; x_wconf 91' lang='lat' dir='ltr'>priora</span> <span class='ocrx_word' id='word_1_145' title='bbox 801 2935 904 2996; x_wconf 81' lang='lat' dir='ltr'>dabas.</span> 
     </span>
     <span class='ocr_line' id='line_1_24' title="bbox 226 3030 1124 3112; baseline 0 -19"><span class='ocrx_word' id='word_1_146' title='bbox 226 3032 300 3093; x_wconf 87' lang='lat' dir='ltr'>Ah!</span> <span class='ocrx_word' id='word_1_147' title='bbox 327 3035 396 3092; x_wconf 92' lang='lat' dir='ltr'>tum</span> <span class='ocrx_word' id='word_1_148' title='bbox 416 3033 604 3094; x_wconf 86' lang='lat' dir='ltr'>credideram</span> <span class='ocrx_word' id='word_1_149' title='bbox 624 3033 730 3112; x_wconf 93' lang='lat' dir='ltr'>rumpi</span> <span class='ocrx_word' id='word_1_150' title='bbox 749 3053 819 3095; x_wconf 87' lang='lat' dir='ltr'>mea</span> <span class='ocrx_word' id='word_1_151' title='bbox 838 3032 930 3094; x_wconf 89' lang='lat' dir='ltr'>corda</span> <span class='ocrx_word' id='word_1_152' title='bbox 949 3030 1124 3111; x_wconf 77' lang='lat' dir='ltr'>querendo&#39;3</span> 
     </span>
     <span class='ocr_line' id='line_1_25' title="bbox 266 3131 892 3210; baseline 0 -19"><span class='ocrx_word' id='word_1_153' title='bbox 266 3134 336 3191; x_wconf 90' lang='lat' dir='ltr'>octo</span> <span class='ocrx_word' id='word_1_154' title='bbox 355 3132 455 3191; x_wconf 89' lang='lat' dir='ltr'>lustra</span> <span class='ocrx_word' id='word_1_155' title='bbox 475 3134 582 3193; x_wconf 89' lang='grc'>11111111</span> <span class='ocrx_word' id='word_1_156' title='bbox 601 3133 784 3210; x_wconf 86' lang='lat' dir='ltr'>praeteriere</span> <span class='ocrx_word' id='word_1_157' title='bbox 804 3131 892 3193; x_wconf 91' lang='lat' dir='ltr'>mihi.</span> 
     </span>
     <span class='ocr_line' id='line_1_26' title="bbox 226 3229 1075 3305; baseline 0 -17"><span class='ocrx_word' id='word_1_158' title='bbox 226 3229 290 3289; x_wconf 95' lang='lat' dir='ltr'>Pro</span> <span class='ocrx_word' id='word_1_159' title='bbox 310 3231 342 3288; x_wconf 91' lang='lat' dir='ltr'>te</span> <span class='ocrx_word' id='word_1_160' title='bbox 362 3229 532 3305; x_wconf 86' lang='lat' dir='ltr'>spondetur</span> <span class='ocrx_word' id='word_1_161' title='bbox 551 3229 634 3290; x_wconf 89' lang='lat' dir='ltr'>mihi</span> <span class='ocrx_word' id='word_1_162' title='bbox 653 3230 790 3291; x_wconf 85' lang='lat' dir='ltr'>coniunx</span> <span class='ocrx_word' id='word_1_163' title='bbox 809 3229 907 3291; x_wconf 89' lang='lat' dir='ltr'>altera</span> <span class='ocrx_word' id='word_1_164' title='bbox 926 3230 1075 3290; x_wconf 89' lang='lat' dir='ltr'>tandem:</span> 
     </span>
     <span class='ocr_line' id='line_1_27' title="bbox 267 3326 947 3405; baseline 0.001 -19"><span class='ocrx_word' id='word_1_165' title='bbox 267 3326 314 3386; x_wconf 93' lang='lat' dir='ltr'>nil</span> <span class='ocrx_word' id='word_1_166' title='bbox 334 3327 369 3386; x_wconf 91' lang='lat' dir='ltr'>in</span> <span class='ocrx_word' id='word_1_167' title='bbox 388 3327 532 3388; x_wconf 85' lang='lat' dir='ltr'>conubiis</span> <span class='ocrx_word' id='word_1_168' title='bbox 552 3327 634 3405; x_wconf 86' lang='lat' dir='ltr'>quod</span> <span class='ocrx_word' id='word_1_169' title='bbox 655 3347 853 3405; x_wconf 87' lang='lat' dir='ltr'>quereremur</span> <span class='ocrx_word' id='word_1_170' title='bbox 872 3329 947 3387; x_wconf 89' lang='lat' dir='ltr'>erat.</span> 
     </span>
     <span class='ocr_line' id='line_1_28' title="bbox 225 3417 1079 3502; baseline 0.002 -17"><span class='ocrx_word' id='word_1_171' title='bbox 225 3417 396 3486; x_wconf 87' lang='lat' dir='ltr'>Postmodo</span> <span class='ocrx_word' id='word_1_172' title='bbox 416 3424 499 3486; x_wconf 87' lang='lat' dir='ltr'>fama</span> <span class='ocrx_word' id='word_1_173' title='bbox 519 3425 613 3486; x_wconf 87' lang='lat' dir='ltr'>refert</span> <span class='ocrx_word' id='word_1_174' title='bbox 633 3430 767 3486; x_wconf 89' lang='lat' dir='ltr'>matrem</span> <span class='ocrx_word' id='word_1_175' title='bbox 787 3428 819 3486; x_wconf 93' lang='lat' dir='ltr'>te</span> <span class='ocrx_word' id='word_1_176' title='bbox 840 3425 928 3502; x_wconf 90' lang='lat' dir='ltr'>prole</span> <span class='ocrx_word' id='word_1_177' title='bbox 949 3425 1079 3500; x_wconf 87' lang='lat' dir='ltr'>beatam,</span> 
     </span>
     <span class='ocr_line' id='line_1_29' title="bbox 265 3521 921 3611; baseline 0.008 -30"><span class='ocrx_word' id='word_1_178' title='bbox 265 3523 319 3582; x_wconf 86' lang='lat' dir='ltr'>sed</span> <span class='ocrx_word' id='word_1_179' title='bbox 336 3521 436 3611; x_wconf 83' lang='lat' dir='ltr'>prolis</span> <span class='ocrx_word' id='word_1_180' title='bbox 455 3523 543 3584; x_wconf 87' lang='lat' dir='ltr'>volui</span> <span class='ocrx_word' id='word_1_181' title='bbox 562 3543 627 3584; x_wconf 90' lang='grc'>11011</span> <span class='ocrx_word' id='word_1_182' title='bbox 647 3525 735 3601; x_wconf 88' lang='lat' dir='ltr'>pater</span> <span class='ocrx_word' id='word_1_183' title='bbox 755 3543 821 3587; x_wconf 83' lang='lat' dir='ltr'>esse</span> <span class='ocrx_word' id='word_1_184' title='bbox 842 3526 921 3586; x_wconf 84' lang='lat' dir='ltr'>tuae.</span> 
     </span>
    </p>
   </div>
   <div class='ocr_carea' id='block_1_3' title="bbox 0 0 1380 4246">
    <p class='ocr_par' dir='ltr' id='par_1_6' title="bbox 0 0 1380 4246">
     <span class='ocr_line' id='line_1_30' title="bbox 0 0 1380 4246; baseline 0 3"><span class='ocrx_word' id='word_1_185' title='bbox 0 0 1380 4246; x_wconf 95' lang='lat' dir='ltr'> </span> 
     </span>
    </p>
   </div>
  </div>
 </body>
</html>
