2752 4246
612 1052 677 1117 XX

282 1209 440 1273 OLLIGE
460 1229 530 1272 cara
550 1229 636 1273 rosas
655 1213 817 1272 momento
837 1209 986 1288 temporis
1006 1211 1074 1288 ipse

282 1329 343 1387 quo
364 1311 449 1370 stant
469 1310 545 1370 flore
565 1329 641 1372 suo:
667 1309 779 1386 collige
800 1328 868 1370 cara
887 1327 982 1369 rosas.

227 1409 341 1468 Aestas
360 1407 492 1468 stridet:
519 1408 611 1468 eitius
631 1409 736 1469 tamen
756 1406 879 1484 aufugit
898 1409 1019 1467 aestas:

266 1505 380 1583 exeipit
399 1507 549 1571 aestatem
569 1507 733 1584 postmodo
752 1505 854 1565 tristis
873 1505 984 1565 hiems.

228 1603 339 1663 Dulcia
358 1603 385 1663 si
405 1622 510 1681 speras
529 1603 584 1664 sed
603 1601 658 1665 vix
679 1604 831 1680 temptata
849 1600 1008 1679 relinquis,

266 1701 294 1760 si
314 1703 458 1777 coeptum
477 1700 602 1779 proprio
622 1703 761 1778 tempore
781 1703 879 1760 cessat
899 1718 985 1775 opus,

228 1799 263 1858 ut
282 1798 399 1858 vermis
417 1798 508 1860 fiores
528 1800 671 1860 animum
692 1798 780 1859 dolor
800 1797 961 1874 improbus
981 1815 1109 1883 aegrum

267 1895 428 1958 conficiet:
453 1897 513 1956 tibi
531 1916 596 1958 non
616 1896 692 1958 hora
712 1895 812 1956 redire
831 1895 940 1972 potest.

229 1994 312 2071 Ergo
333 1994 409 2053 dum
429 1994 545 2070 poteris
565 1993 705 2071 captetur
725 1994 850 2069 tempus
870 1990 995 2052 amandi

265 2110 462 2169 apponasque
483 2091 569 2152 lucro
590 2111 667 2170 quae
686 2091 753 2151 ioca
772 2090 883 2167 prris
901 2088 1004 2150 habet.

225 2188 376 2266 Spernere
396 2190 440 2249 sie
459 2189 576 2266 poteris
595 2189 734 2250 nimium
754 2188 890 2249 crudelia
908 2188 991 2261 fata;

266 2289 396 2348 eventus
415 2305 522 2348 caecus
543 2306 696 2364 causaque
716 2305 805 2347 caesa
825 2286 949 2364 premit.

226 2385 272 2444 Ut
292 2404 361 2446 rosa
382 2384 427 2446 sie
447 2387 572 2462 mystus
591 2386 726 2446 marcet:
755 2385 800 2445 sia
820 2384 933 2444 transit
952 2383 1089 2445 hirundo

266 2482 388 2543 lucidus
407 2485 443 2544 ut
462 2482 558 2560 pallet
578 2481 661 2542 nube
681 2484 792 2542 ruente
812 2481 886 2542 dies.

103 2601 105 2604 ’
226 2578 297 2639 Ηοο
317 2600 392 2657 age:
419 2580 540 2641 somnia
560 2580 647 2639 enim
666 2580 794 2657 fugiunt
814 2582 846 2640 et
865 2598 946 2641 vana
967 2578 1098 2656 cupido:

265 2677 374 2739 infecti
393 2680 504 2740 misere
526 2697 616 2738 mens
636 2696 757 2738 memor
776 2697 872 2756 usque
894 2677 989 2739 dolet.
