2752 4246
671 962 733 1078 xv

344 1173 474 1236 UALIS
493 1173 561 1235 avis
581 1191 646 1236 sese
667 1173 821 1236 latebroso
841 1173 875 1235 in
895 1172 1018 1253 pumice
1038 1171 1117 1234 celat

343 1273 457 1334 aeriam
478 1275 623 1334 metuens
642 1272 781 1351 aquilam
801 1273 987 1351 penitusque
1006 1270 1146 1333 recondit

287 1370 352 1431 iam
373 1371 496 1448 pridem
515 1373 632 1431 temere
653 1375 688 1431 ut
709 1371 878 1431 formidine
897 1371 1007 1433 funere
1026 1370 1123 1433 vitet:

287 1488 404 1546 perque
424 1469 531 1546 fugam
550 1469 648 1545 pictas
667 1488 786 1547 pennas
806 1469 840 1530 in
860 1469 988 1547 pulvere
1007 1469 1131 1545 turpat:

287 1568 358 1626 tum
378 1566 486 1644 procul
506 1570 543 1628 ut
564 1567 661 1627 sentit
680 1567 807 1628 cessisse
828 1566 963 1645 pericula
982 1567 1094 1628 mortis

288 1664 471 1742 extollitque
492 1668 583 1742 caput
602 1664 714 1726 furtim
735 1668 925 1743 renovatque
945 1666 1085 1726 decores:

286 1761 396 1840 incipit
417 1765 448 1823 et
468 1762 560 1824 solito
579 1764 662 1823 fastu
683 1782 866 1840 componere
886 1763 1010 1840 plumas

289 1860 426 1922 foedatas
447 1860 581 1935 latebris,
603 1861 747 1939 notisque
767 1861 922 1922 coloribus
941 1861 1007 1923 alas

288 1960 410 2020 induit:
436 1959 521 2020 haud
540 1959 669 2022 latuisse
688 1961 783 2038 pudet
803 1963 961 2039 terrorque
981 1961 1115 2023 recessit.

289 2057 341 2118 Sic
362 2057 534 2119 bellatricis
553 2057 650 2118 simul
669 2077 704 2118 ae
726 2061 924 2136 conspexerat
945 2078 998 2118 ora

288 2174 321 2216 se
342 2154 437 2216 iactat
457 2156 612 2216 Drances:
640 2155 693 2216 sed
715 2175 788 2215 oum
808 2175 885 2234 quae
905 2156 1012 2216 dextra
1032 2156 1159 2217 tenebat

288 2253 351 2314 tela
370 2253 467 2329 videt,
488 2256 629 2314 mentem
649 2253 798 2314 immutat
817 2253 985 2331 recipitque
1005 2254 1141 2316 timores.

288 2350 350 2412 Ille
369 2351 476 2412 virum
496 2351 620 2412 blandis
641 2351 807 2428 compellat
826 2350 955 2412 vocibus
974 2352 1067 2415 ultro.

292 2448 354 2508 ‘Te
375 2449 466 2510 iubeo
488 2449 628 2511 salvere:
656 2449 717 2510 tibi
736 2448 801 2510 sint
823 2449 928 2510 omnia
947 2449 1049 2511 fauste

291 2550 384 2624 atque
404 2546 476 2607 aliis
496 2547 611 2625 pariter
631 2547 686 2624 qui
705 2547 817 2608 martia
836 2547 917 2608 facta
937 2550 1111 2625 sequuntur

289 2644 485 2722 magnanimi
504 2646 664 2723 vitamque
685 2646 797 2707 volunt
817 2665 874 2723 pro
893 2645 984 2706 leude
1003 2645 1124 2724 pacisci.

291 2742 422 2822 Egregie
442 2745 489 2804 est
510 2743 614 2804 omnis
634 2742 687 2805 sed
708 2746 843 2820 praestet
862 2742 974 2804 bellica
992 2743 1114 2805 virtus?
