2752 4246
636 743 638 749 ·
657 709 737 773 XIV

226 866 266 927 D.
354 865 549 943 onluereS,
569 866 650 942 audi,
673 865 769 926 ramis
788 865 1006 927 frondentibus
1026 885 1134 928 omnes

353 964 512 1043 excipiunt
532 964 626 1025 hilari
646 967 825 1042 surgentem
846 963 982 1025 carmine
1002 964 1184 1027 Phoebum!

282 1082 323 1123 an
343 1081 453 1124 sumus
472 1062 525 1124 hio
545 1062 640 1138 taciti,
662 1082 769 1124 vocem
790 1065 826 1124 ut
845 1062 985 1140 fringilla
1003 1062 1172 1141 profundit,

281 1180 396 1240 verque
416 1180 535 1222 novum
555 1159 664 1223 sollers
685 1159 824 1221 numeris
845 1159 1021 1222 Philomela
1040 1161 1182 1224 salutat?

283 1278 340 1319 eur
368 1278 477 1319 sumus
506 1258 559 1319 hio
587 1259 695 1320 tristes
722 1279 820 1337 quum
844 1258 1049 1336 Phosphorus
1069 1261 1194 1321 aethere

365 1356 466 1434 fulget
814 1356 817 1362 ’

283 1474 404 1516 aunum
425 1457 457 1515 et
476 1474 669 1532 purpureum
689 1453 792 1532 pingit
810 1454 930 1532 Natura
951 1455 1111 1532 benigna?

223 1553 254 1615 S.
284 1552 341 1613 Dio
362 1572 450 1630 ergo:
477 1553 638 1613 internos
659 1551 784 1613 Damon
804 1552 862 1632 erit
882 1551 998 1613 arbiter
1017 1552 1092 1628 ille;

283 1651 360 1711 dum
381 1651 490 1726 prooul
508 1669 583 1711 arva
602 1650 698 1712 boves
718 1651 922 1728 proscindunt
941 1671 1067 1712 vomere
1087 1651 1172 1714 duro.

283 1747 402 1809 Luteus
421 1749 473 1809 hio
494 1767 607 1824 crocus,
629 1749 681 1808 hio
702 1749 816 1809 florent
835 1749 964 1810 violaria
983 1749 1098 1828 glauca,

283 1845 334 1907 hio
354 1846 489 1924 zephyro
509 1866 578 1907 rosa
597 1847 698 1923 prime
718 1846 803 1922 viget
824 1847 975 1907 fundente
995 1847 1140 1927 liquores.

285 1945 346 2020 Qui
366 1947 446 2006 oiroe
466 1946 586 2006 fontem
607 1944 691 2006 ludit
712 1944 898 2022 deponimus
918 1965 1051 2023 agnum:

285 2043 395 2121 aspice,
417 2063 472 2120 per
492 2043 600 2103 latices
620 2043 798 2104 fluitantem
819 2043 950 2121 despioit
970 2043 1124 2107 umbram.

224 2143 263 2202 D.
282 2142 441 2203 Craterum
460 2141 541 2202 hano
561 2161 663 2217 pono:
695 2161 822 2218 serpens
842 2141 955 2202 hedera
974 2141 1077 2219 illigat
1096 2161 1196 2218 ansas,

284 2239 360 2303 vitis
381 2243 412 2300 et
433 2238 580 2300 uberibus
600 2240 715 2316 pendet
735 2241 853 2301 deflexa
873 2241 1010 2304 racemis.

285 2337 379 2398 Illius
399 2338 435 2398 in
455 2337 560 2398 medio
580 2340 656 2398 sunt
676 2341 826 2415 quattuor
845 2358 954 2417 aspera
973 2338 1071 2416 signa,

284 2439 425 2514 tempora
445 2456 522 2514 quae
543 2438 720 2496 monstrant
740 2434 874 2496 labentis
894 2435 1031 2498 voltibus
1051 2435 1144 2500 annis

285 2536 318 2594 et
338 2533 411 2612 quid
431 2534 464 2594 id
485 2536 533 2595 est
553 2533 779 2614 radiansmiro
800 2535 882 2611 quod
903 2534 1028 2595 tramite
1048 2534 1167 2596 eaelum

285 2631 395 2692 oirouit
415 2635 446 2692 et
466 2632 517 2693 bis
537 2651 591 2693 sex
612 2631 752 2708 disponit
772 2632 874 2692 sidera
893 2632 1050 2710 pulchra?

231 2729 264 2792 S.
283 2728 412 2790 alternis
431 2729 559 2813 dicetne
587 2733 693 2790 amant
712 2731 831 2791 alterna
851 2731 1019 2791 Camenae:

286 2825 354 2888 lilia
372 2847 457 2887 nuno
477 2827 599 2902 florent,
621 2847 705 2888 nuno
725 2828 836 2889 florent
857 2827 927 2888 albe
946 2827 1084 2906 ligustra,

286 2945 370 2986 nuno
390 2927 516 2987 arbusta
536 2946 649 2999 comae,
672 2927 871 3004 distinguunt
891 2945 1004 3003 pascua
1024 2927 1127 2987 flores.

285 3023 414 3101 Inoipe;
442 3045 497 3102 per
516 3022 614 3085 valles
634 3043 781 3084 numeros
801 3044 856 3085 sua
876 3025 985 3085 reddet
1005 3025 1117 3101 imago.
