2752 4246
700 1011 748 1073 IV

282 1163 333 1224 UI
354 1164 430 1225 colis
449 1164 507 1225 hos
527 1163 626 1224 saltus
646 1165 758 1227 tacitos
778 1186 1003 1244 nemorumque
1024 1186 1168 1244 recessus,

282 1282 377 1340 quam
396 1262 502 1339 paucis
523 1261 628 1337 oculis,
651 1262 718 1336 flos,
738 1267 793 1324 tua
812 1264 913 1325 forma
932 1265 1050 1343 placet!

228 1359 367 1420 Intactas
387 1360 532 1421 manibus
552 1379 693 1437 gemmae
713 1364 798 1422 stant
819 1382 947 1423 munere
968 1363 1082 1441 mellis,

268 1478 324 1518 nec
345 1458 511 1535 quisquam
532 1458 657 1518 extendi
677 1458 820 1520 bracchia
838 1479 933 1537 parva
953 1460 1052 1523 videt.

228 1555 289 1616 Pes
309 1559 425 1616 temere
446 1556 593 1617 incedens
612 1555 720 1617 nullus
740 1560 771 1617 te
790 1559 927 1635 proteret
945 1579 1104 1638 umquam,

267 1654 410 1730 improba
430 1673 487 1714 nec
508 1657 595 1732 coget
615 1657 647 1715 te
667 1655 828 1716 lacrimare
848 1675 969 1717 manus.

141 1745 144 1752 ’
228 1751 377 1812 Induerat
396 1754 517 1813 vestem
538 1753 662 1815 niveam
682 1751 801 1814 Natura
821 1753 961 1830 creatrix,

267 1851 299 1908 et
318 1849 424 1926 procul
444 1870 463 1910 a
483 1849 575 1926 volgo
594 1850 703 1910 fronde
723 1851 818 1911 latere
838 1850 933 1912 iubet.

227 1946 289 2007 Hic
309 1948 410 2009 tutela
428 1946 487 2009 tibi
508 1947 589 2009 situs
608 1948 730 2011 umbris
750 1950 849 2011 saltus
870 1949 992 2026 opacis:

267 2066 411 2108 murmur
431 2051 464 2107 et
484 2050 531 2108 est
551 2048 676 2126 gratum
696 2047 766 2109 lene
786 2047 927 2114 sonantis
946 2068 1054 2126 aquae.

227 2144 278 2205 sic
300 2152 407 2205 secura
429 2144 489 2204 tibi
508 2145 679 2223 tranquillo
698 2145 848 2223 praeterit
867 2149 987 2207 aestas:

266 2242 471 2320 autumnique
492 2246 599 2305 manet
619 2243 722 2305 debita
742 2247 824 2306 sorte
845 2243 940 2321 quies.

227 2341 327 2415 Quam
348 2341 438 2402 decor
457 2342 516 2402 iste
536 2341 647 2419 placet,
669 2361 764 2419 quam
785 2341 886 2403 dulcis
906 2341 1006 2418 gratia
1025 2343 1160 2406 formast
1280 2360 1286 2368 ·

266 2458 338 2498 cum
359 2438 460 2500 recolo
479 2458 558 2516 quae
578 2439 642 2503 sint
662 2439 726 2501 fata
745 2440 860 2512 futura,
883 2458 983 2516 gemo.

225 2535 309 2597 Mors
329 2539 455 2614 superat
474 2537 584 2601 floresc
611 2557 676 2602 non
697 2537 766 2614 ipsa
786 2537 973 2615 Proserpina
993 2539 1109 2617 carpsit

264 2634 341 2694 tales
361 2654 433 2695 cum
454 2655 508 2712 per
529 2654 618 2712 agros
637 2635 788 2712 tenderet,
810 2635 931 2704 Henna,
952 2637 1034 2705 tuos,

226 2731 367 2793 Restabit
387 2734 470 2792 tanti
490 2733 609 2794 decoris
628 2754 701 2811 pars
719 2732 823 2796 nulla:
851 2734 1006 2801 vorabunt

264 2833 494 2909 autumnusque
514 2851 607 2915 rapax
626 2834 659 2894 et
678 2831 816 2911 glacialis
834 2831 945 2894 hiems.
