2752 4246
584 252 756 342 '¹27

238 419 321 498 quod
341 438 413 481 cum
433 411 594 496 noveritis,
615 421 694 481 bene
714 421 900 483 concessisse
919 421 1047 485 libebit:

237 537 372 596 namque
391 517 451 578 hoc
470 517 649 596 coniugium
670 538 776 580 secum
797 520 859 581 fert
878 519 1009 598 lugubre
1028 521 1137 584 fetum.

236 617 289 679 Sic
309 617 512 679 decreverunt
532 615 666 678 Parcae:
686 617 873 696 quicumque
892 617 1029 697 puellum

236 714 360 776 duxerit
378 733 561 793 aequoream
581 715 648 776 sive
668 734 686 775 e
705 715 889 777 caelestibus
908 735 992 777 unus

236 831 290 874 seu
311 812 453 877 mortalis
473 811 542 885 erit,
563 814 675 874 netum
695 813 849 892 peperisse
868 833 991 876 necesse
1011 817 1059 877 est
1142 832 1145 838 ·

236 911 291 990 qui
311 910 407 990 patris
427 912 591 989 exsuperet
611 909 695 972 vires
715 930 909 991 regnumque
932 904 1088 991 capessat?

696 1481 765 1542 XII

282 1639 371 1702 UGE
392 1657 529 1700 secessus
549 1638 621 1716 luge
642 1637 769 1700 dilecte:
798 1638 948 1718 relinquit

281 1740 313 1800 te
333 1738 457 1815 sapiens
478 1738 545 1798 loca
565 1756 623 1801 nec
642 1737 705 1797 iem
725 1737 841 1798 lustrat
861 1735 1007 1798 amabilis
1026 1737 1157 1815 hospes:

136 1820 138 1827 ’
230 1836 383 1915 pellentes
403 1834 483 1896 redii
502 1833 598 1911 primi
619 1854 680 1912 quo
700 1837 840 1912 tempore
860 1833 936 1895 solis

230 1935 331 1996 cincta
350 1932 459 2010 procul
479 1935 628 2009 superant
647 1931 702 1993 vix
722 1931 779 1993 illa
800 1931 961 2007 cacumina
982 1952 1108 2009 quercu,

230 2032 300 2110 quis
319 2051 403 2092 nuno
423 2031 568 2093 ascendet
588 2030 740 2109 scopulos,
764 2029 834 2108 quis
854 2029 983 2092 daedala
1002 2049 1075 2091 rura

228 2130 322 2207 longo
342 2127 492 2205 despiciet
512 2147 629 2206 campo,
649 2128 812 2207 variosque
833 2127 957 2189 decores

228 2231 328 2289 aestas
347 2227 434 2303 large
452 2245 550 2288 manu
570 2244 648 2304 quos
668 2226 732 2303 dat,
754 2225 894 2303 serieque
914 2225 1047 2304 superbe

228 2323 392 2405 planitiem
411 2323 516 2402 pingit
535 2323 669 2385 florum:
698 2323 769 2403 quis
788 2323 924 2403 denique
944 2322 1070 2384 culmen

228 2421 376 2500 despiciet
395 2421 504 2500 tuguri
522 2421 691 2497 admirans,
715 2418 871 2499 ulmisque
891 2419 1025 2482 latentes

228 2520 327 2595 villus,
349 2522 381 2580 et
399 2519 485 2580 silice
505 2539 523 2580 e
544 2520 621 2581 dura
641 2538 720 2597 quse
740 2520 822 2580 tecta
841 2515 1003 2579 columbae

228 2616 354 2695 stipent,
376 2617 453 2678 dum
473 2616 583 2696 procul
602 2616 747 2694 accipiter
766 2618 850 2678 secat
869 2615 977 2676 irritus
997 2618 1112 2677 auras?

228 2715 299 2792 quis
318 2714 431 2775 lustrat
453 2713 569 2792 spissas
590 2713 737 2777 umbrosa
757 2712 916 2775 cacumina
935 2712 1030 2791 pinus

226 2813 310 2873 unde
330 2812 446 2873 cadunt
465 2811 595 2873 umbrae
614 2813 737 2873 deserte
755 2831 812 2889 per
831 2810 911 2871 utria
931 2810 1077 2872 dudum?

225 2910 409 2988 longaevam
428 2912 483 2971 aut
503 2909 611 2988 fagum
632 2929 710 2988 quae
730 2911 838 2971 subter
856 2928 984 2987 vespere
1003 2908 1106 2986 primo

225 3008 344 3086 colligit
363 3006 539 3068 imberbem
558 3006 685 3068 turbam
706 3006 857 3084 ludosque
876 3005 1012 3068 iocosos:

225 3108 406 3183 maturoque
426 3124 512 3166 casas
531 3104 691 3166 fumantes
711 3103 838 3183 ignibus
858 3103 942 3179 hora,

225 3206 319 3282 atque
339 3201 470 3264 humilis
491 3202 557 3264 fani
578 3223 656 3281 quse
675 3203 776 3281 surgit
796 3203 831 3263 in
850 3201 958 3262 arbore
977 3201 1120 3262 turrem?
